4506 6120
1267 657 1309 721 20

671 855 764 944 οἷνδρὶ
788 861 923 945 ἐννοεῖν,
944 876 980 928 τί
997 891 1077 930 ποτε
1106 861 1212 930 ποιοῖν
1234 860 1250 928 δ
1271 865 1443 941 Τελευτίας
1464 857 1547 929 οὗτοι
1570 863 1703 949 διέθηκε
1720 860 1793 938 τοδς
1815 859 2027 948 α’ρχομένους·
2055 865 2147 926 τοῦτο

670 981 734 1067 γάρ
755 979 818 1068 η”δη
842 985 973 1049 πολλῶν
995 975 1169 1072 χρημάτων
1190 994 1244 1048 καὶ
1267 974 1424 1049 κινδδνων
1447 979 1699 1065 ἀξιολογώτερον
1721 977 1838 1069 α’νδρδς
1860 981 1952 1069 ε”ρνον
1975 981 2076 1045 ἐστίν.

570 1098 667 1182 Vides
693 1099 942 1182 Xenophontem
963 1113 1130 1185 postquam
1150 1101 1315 1164 Teleutiae
1335 1121 1461 1164 motum
1478 1101 1666 1164 suavitatem
1683 1099 1824 1181 pluribus
1843 1097 2017 1181 descripsit,
2040 1100 2153 1161 sentire

417 1241 451 1282 se
476 1239 633 1302 peccasse.
678 1222 806 1302 Quare
830 1223 897 1303 ipse
920 1243 954 1284 se
977 1231 1107 1286 excusat
1130 1221 1187 1283 illis
1210 1223 1322 1284 verbis.

569 1339 676 1422 ltaque
717 1339 791 1401 nihil
827 1351 890 1415 est,
923 1338 1009 1423 quod
1048 1341 1198 1402 miremur
1231 1360 1272 1401 ne
1306 1358 1417 1400 eorum
1452 1336 1582 1419 quidem
1616 1339 1797 1413 hominum,
1826 1338 1879 1421 qui
1917 1337 1971 1399 illo
2008 1347 2156 1418 tempore

420 1459 619 1539 gravissimas
635 1468 740 1537 partes
763 1470 902 1540 egerant,
918 1469 1063 1521 naturam
1087 1460 1261 1522 accuratius
1283 1459 1323 1520 ab
1346 1478 1386 1521 eo
1409 1454 1550 1521 describi.
1589 1457 1736 1540 Perlegas
1758 1477 1812 1520 eas
1828 1458 1960 1538 paginas
1983 1457 2019 1518 in
2043 1457 2156 1539 quibus

421 1574 461 1639 de
485 1577 692 1658 Iphicrate
714 1591 745 1639 et
768 1575 1056 1656 Epaminonda
1079 1578 1144 1657 (Vl,
1161 1594 1189 1653 2,
1207 1593 1340 1655 27-32.
1360 1594 1409 1656 39.
1433 1576 1499 1651 Vll,
1518 1577 1580 1655 5,‹8
1596 1596 1641 1658 sq.
1662 1568 1795 1655 18-19)
1818 1575 1942 1639 insolita
1959 1576 2156 1638 verbositate

419 1697 581 1778 exposuit:
602 1717 666 1759 non
682 1698 844 1759 hominem
862 1697 940 1759 haec
964 1707 1114 1779 spectant,
1131 1695 1186 1759 sed
1204 1697 1334 1759 militem
1352 1696 1482 1777 (nempe
1501 1697 1575 1779 quia
1593 1693 1700 1757 studiis
1721 1697 1763 1757 rei
1784 1694 1921 1757 militaris
1942 1714 2157 1775 summopere

417 1815 620 1891 est'deditus
647 1814 778 1879 modum
795 1814 941 1896 excedit),
966 1827 996 1878 et
1022 1817 1173 1879 artissime
1190 1836 1224 1877 se
1240 1812 1397 1897 adplicant
1412 1812 1453 1877 ad
1468 1835 1517 1876 res
1540 1824 1654 1896 gestas,
1671 1811 1710 1876 de
1726 1815 1839 1897 quibus
1855 1811 1954 1876 modo
1978 1811 2157 1875 rettulerat.

419 1936 522 2018 Quale
545 1946 650 1998 autem
676 1934 765 1998 luerit
787 1937 946 2018 ingenium
971 1935 1105 2010 illorum,
1129 1934 1228 2018 qualis
1252 1935 1316 1996 vita
1340 1930 1514 1996 domestica
1539 1953 1718 2016 moresque,
1742 1931 1855 1995 frustra
1876 1952 2028 2014 quaeres.

570 2057 618 2118 En
636 2029 764 2118 clausam
788 2055 895 2129 hahes,
920 2074 974 2117 cur
996 2075 1037 2116 ne
1060 2053 1249 2136 Agesilai
1272 2051 1410 2137 quidem,
1435 2053 1505 2116 licet
1528 2054 1619 2116 huius
1635 2053 1785 2134 temporis
1802 2053 2100 2133 praestantissimus
2118 2054 2160 2114 vir

419 2172 514 2236 luisse
537 2175 676 2256 scriptori
700 2175 783 2236 visus
807 2175 853 2248 sit,
878 2175 906 2235 in
931 2174 1068 2236 Historia
1090 2191 1204 2254 graeca
1226 2169 1365 2234 indolem
1388 2169 1564 2256 depinxerit
1586 2170 1778 2252 Xenophon.

569 2292 612 2354 At
637 2313 712 2356 vero
729 2313 793 2355 una
816 2313 892 2356 sane
915 2302 1001 2354 extat
1024 2293 1054 2353 in
1075 2291 1245 2354 Hellenicis
1273 2291 1457 2372 explicatior
1486 2291 1621 2352 hominis
1645 2287 1820 2371 descriptio,
1843 2310 1925 2373 quae
1950 2299 2080 2366 tamen,
2106 2292 2161 2352 etsi

363 2422 370 2436 “
422 2413 549 2495 propius
573 2414 661 2474 abest
684 2413 723 2474 ab
747 2411 935 2477 Anabaseos
958 2423 989 2473 et
1005 2410 1144 2493 Agesilai
1168 2410 1317 2472 librorum
1341 2407 1578 2479 consuetudine,
1606 2410 1825 2472 abstinentiam
1849 2408 1934 2471 illam
1965 2412 2161 2494 ceteroquin

366 2565 368 2568 ⁴
415 2533 620 2594 observatam
645 2551 709 2592 non
733 2530 838 2593 violat.
877 2531 926 2592 De
952 2531 1093 2592 lasone
1118 2529 1230 2613 loquor
1251 2529 1478 2593 Thessalorum
1496 2532 1645 2611 principe.
1683 2528 1765 2590 lnest
1788 2529 1872 2590 enim
1896 2529 1964 2590 eius
1981 2526 2161 2610 descriptio

418 2651 449 2711 in
472 2670 511 2712 ea
533 2661 621 2731 parte
644 2650 756 2730 operis,
780 2669 876 2732 quam
900 2647 1126 2730 digressionem
1150 2668 1219 2711 esse
1243 2648 1424 2731 Xenophon
1447 2660 1555 2731 aperte
1578 2649 1744 2712 confitetur
1766 2647 1817 2727 (cl.
1835 2648 1930 2722 Vl,1‚
1952 2665 2009 2727 19:
2037 2647 2102 2730 ἐγώ
2127 2651 2160 2715 δὲ

417 2769 520 2836 πάλιν
541 2761 703 2852 έπάνεεμι,
717 2764 801 2835 ὅθεν
815 2775 859 2847 εἰς
876 2767 934 2848 τοὶς
951 2780 1023 2856 περὶ
1038 2768 1176 2846 Ἰάσονος
1191 2759 1325 2853 πράξεις
1347 2768 1491 2854 ἐξέβην),
1514 2765 1627 2830 deinde
1650 2787 1714 2830 non
1730 2766 1912 2849 Xenophon
1936 2768 1979 2829 ibi
2006 2768 2160 2851 loquitur,

418 2887 473 2952 sed
502 2891 616 2952 inserta
646 2901 692 2952 est
727 2890 859 2951 orationi
898 2885 1150 2972 Polydamae
1180 2887 1337 2950 Pharsalii.
1372 2889 1480 2971 ltaque
1504 2886 1634 2970 legibus,
1661 2907 1739 2970 quas
1766 2888 1796 2949 in
1822 2885 1983 2949 narrando
2014 2889 2161 2971 sequitur

401 3010 561 3097 scriptor,
584 3019 753 3090 exemptae
776 3019 847 3070 sunt
870 3008 1056 3090 paragraphi
1084 3009 1218 3070 lasoni
1245 3004 1369 3069 deditae
1390 3007 1442 3081 Vl,
1469 3007 1529 3083 1,6
1549 3020 1579 3068 et
1603 3024 1648 3086 15.

569 3126 692 3189 Similes
708 3148 761 3190 eas
778 3148 847 3190 esse
871 3127 1010 3210 Agesilai
1041 3128 1133 3208 capiti
1155 3124 1324 3189 undecimo
1348 3124 1420 3188 dixi.
1458 3127 1584 3188 'l'amen
1606 3146 1671 3188 non
1695 3136 1766 3188 sunt
1789 3125 1884 3207 plane
1907 3123 2061 3188 eiusdem
2085 3128 2157 3189 artis

420 3246 511 3309 letus.
546 3249 665 3327 Quare
682 3249 706 3309 si
722 3247 897 3310 lsocrateae
913 3248 985 3309 artis
1001 3248 1031 3309 in
1048 3247 1174 3329 reliquis
1191 3246 1427 3308 Hellenicorum
1444 3247 1582 3328 partibus
1597 3266 1638 3307 ne
1655 3247 1785 3307 minima
1801 3242 1930 3328 quidem
1948 3246 2159 3309 inveniuntur

421 3367 561 3448 vestigia,
585 3368 615 3428 in
638 3366 756 3429 lasonis
781 3363 988 3448 descriptione
1016 3363 1130 3429 adsunt
1159 3363 1298 3449 quidem,
1322 3363 1378 3427 sed
1400 3376 1483 3428 tecta
1512 3377 1542 3427 et
1573 3364 1713 3446 parvola.
1766 3362 1847 3427 Nam
1878 3364 1954 3446 quia
1984 3361 2030 3426 de
2062 3367 2154 3427 vivo

417 3485 528 3549 lasone
564 3487 605 3548 ihi
635 3486 772 3570 loquitur
802 3483 992 3569 Polydamas
1023 3487 1153 3569 eiusque
1183 3487 1271 3568 quasi
1301 3485 1421 3566 agentis
1452 3481 1644 3578 auditoribus
1677 3482 1814 3567 effigiem
1854 3496 2156 3565 repraesentaturus

416 3616 473 3682 est,
497 3626 562 3668 non
585 3608 687 3687 potuit
710 3626 780 3668 eam
806 3627 844 3668 ea
867 3616 932 3668 arte
963 3606 1113 3687 expolire,
1142 3625 1223 3689 quae
1253 3601 1293 3666 ad
1323 3602 1543 3667 defunctorum
1568 3605 1764 3686 potissimum
1794 3623 1899 3666 mores
1922 3601 2155 3667 describendos

418 3727 546 3787 inventa
568 3736 641 3787 erat.
680 3722 743 3787 Sed
767 3727 897 3807 vestigia
918 3745 983 3788 non
1007 3722 1118 3787 deesse
1141 3727 1265 3799 senties,
1289 3725 1313 3786 si
1333 3724 1412 3786 haec
1436 3723 1520 3806 leges
1543 3721 1597 3800 οὓς
1619 3731 1679 3807 μὲν
1701 3722 1744 3790 δν
1765 3723 1936 3806 μαλακούς
1961 3729 2031 3790 τῶν
2054 3731 2155 3802 ’ξένων

419 3843 631 3927 αἰσθάνηται,
654 3844 818 3922 ἐκβάλλει,
842 3842 894 3923 οὓς
917 3843 943 3910 δ’
968 3842 1011 3911 ἄν
1034 3842 1096 3930 δρᾷ
1119 3843 1297 3927 ηιλοπόνοις
1314 3855 1367 3908 καὶ
1384 3842 1613 3927 ηιλοκινδδνως
1634 3843 1769 3926 ἔχοντας
1785 3839 1864 3926 πρδς
1888 3841 1962 3918 τούς
1979 3845 2151 3925 πολέμους,

414 3969 506 4052 τιμᾷ,
530 3963 602 4040 τούς
624 3973 684 4047 μὲν
706 3966 881 4049 διμοιρίαις
912 3964 986 4043 τοδς
1009 3967 1044 4030 δὲ
1067 3977 1259 4052 τριμοιρίαις
1282 3964 1355 4039 τούς
1379 3963 1413 4028 δὲ
1434 3974 1488 4028 καὶ
1512 3973 1749 4048 τετραμοιρίαις
1772 3964 1837 4026 κτλ.

566 4082 632 4145 lam
657 4104 733 4146 vero
758 4085 788 4145 in
815 4085 982 4148 Hellenicis
1005 4083 1090 4148 haud
1113 4086 1154 4146 ita
1177 4105 1247 4147 raro
1271 4084 1422 4167 personis,
1446 4084 1512 4144 sive
1534 4083 1670 4165 primum
1695 4083 1724 4142 in
1748 4100 1876 4143 scenam
1901 4076 2064 4161 prodeunt
2088 4083 2152 4144 sive

422 4200 579 4266 decedunt
602 4205 669 4266 sive
691 4201 732 4267 ad
755 4204 901 4286 graviora
923 4224 957 4264 se
980 4206 1155 4285 accingunt,
1180 4204 1382 4265 brevissimae
1405 4199 1624 4264 adnotationes
1640 4221 1679 4263 eo
1696 4200 1825 4263 consilio
1842 4196 1967 4262 adfixae
1992 4201 2151 4282 leguntur,

419 4331 454 4383 ut
476 4320 516 4383 de
539 4320 643 4385 indole
666 4344 776 4387 earum
800 4325 830 4385 in
853 4324 1036 4385 universum
1061 4320 1211 4385 admoniti
1235 4323 1294 4385 sint
1310 4322 1459 4404 legentes.
1486 4321 1577 4384 Talia
1592 4318 1662 4383 dico
1678 4329 1712 4381 ut
1728 4319 1783 4394 lV,
1803 4335 1828 4395 1,
1847 4334 1898 4380 21:
1916 4317 1933 4383 ὁ
1948 4315 2151 4406 Ἡριππίδας

421 4442 599 4524 ἐπιθυμῶν
616 4443 766 4528 λαμπρόν
787 4471 818 4508 τι
842 4434 1049 4528 ἐργάσασθαι
1064 4457 1066 4460 ’
1074 4460 1102 4521 3,
1116 4457 1153 4505 2:
1179 4440 1196 4506 δ
1219 4443 1253 4507 δὲΙ
1277 4438 1412 4523 ἄσμενος
1433 4441 1678 4528 (Δερκυλλίδας)
1701 4436 1846 4517 α’κοδσας
1870 4475 1910 4481 -
1925 4450 1981 4504 καὶ
2006 4441 2074 4525 γαρ
2098 4437 2148 4506 αἐὶ

419 4557 649 4645 φιλαπόδημος
672 4554 712 4644 ἦν
734 4562 835 4640 8,31:
860 4572 913 4626 καὶ
937 4560 1163 4646 Θρασύβουλος
1184 4568 1245 4645 μεν
1268 4562 1305 4647 δη
1329 4560 1423 4643 μάλα
1447 4559 1550 4627 δοκῶν
1573 4556 1655 4648 οἶνηρ
1678 4557 1809 4640 α’γαδδς
1840 4561 1923 4625 εἶναι
1951 4554 2054 4638 οὕτως
2085 4561 2149 4626 dre·

414 4677 565 4765 λεύτησεν
588 4679 628 4756 V,
644 4698 674 4757 4,
690 4681 745 4759 65:
771 4673 952 4766 Νικόλοχον
972 4678 1063 4765 μάλα
1088 4681 1214 4766 θρασὺν
1236 4678 1340 4768 ἄνδρα
1365 4678 1401 4742 cl.
1429 4678 1481 4755 Vl,
1506 4695 1533 4750 2,
1559 4694 1606 4757 39.
1633 4694 1660 4757 3,
1674 4694 1701 4756 7.
1746 4678 1910 4740 Docemur
1932 4678 1975 4740 ita
1998 4689 2053 4740 aut
2085 4699 2147 4762 quo

417 4801 524 4861 animo
548 4797 638 4862 fuerit
661 4800 771 4884 aliquis
794 4813 880 4864 certo
903 4802 1054 4883 temporis
1077 4811 1242 4863 momento
1265 4811 1319 4862 aut
1341 4799 1441 4883 qualis
1465 4796 1555 4860 luerit
1578 4808 1631 4860 aut
1662 4797 1762 4880 qualis
1794 4796 1860 4859 aliis
1889 4816 1959 4858 esse
1990 4798 2077 4858 visus
2102 4797 2146 4860 sit.

418 4916 526 5000 Atque
549 4919 628 4982 haec
650 4921 836 4982 brevissima
857 4931 936 4982 sunt.
990 4918 1122 4983 Accedit
1149 4929 1255 4982 autem
1286 4915 1442 4980 interdum
1472 4913 1646 4979 secundum
1678 4916 1845 4978 tertiumve
1882 4915 2065 4977 membrum
2094 4928 2151 4981 καί

418 5037 571 5115 particula
604 5035 755 5115 additum,
787 5050 821 5101 ut
844 5039 882 5116 V,
905 5059 935 5116 4,
953 5055 1005 5119 25:
1033 5039 1229 5122 Κλεώνυμος,
1253 5034 1377 5125 ἡλικίαν
1406 5064 1441 5102 τε
1473 5036 1558 5120 ἔχων
1591 5035 1650 5120 την
1672 5029 1746 5123 ἄρτι
1778 5034 1814 5100 dx
1842 5035 1972 5101 παίδων
1994 5046 2051 5100 καὶ
2076 5031 2146 5118 ἅμα

414 5153 584 5235 κάλλιστός
605 5185 640 5223 τε
662 5172 716 5225 καὶ
740 5158 996 5242 εὐδοκιμώτατος
1017 5160 1083 5226 τοῖν
1104 5157 1230 5245 ἡλίκωνΙ
1277 5151 1343 5233 Vll,
1370 5174 1395 5232 1,
1419 5172 1478 5235 23:
1501 5155 1695 5243 Λυκομήδης
1718 5167 1801 5237 γένει
1824 5181 1859 5220 τε
1881 5151 2015 5233 οδδενδς
2038 5156 2147 5244 ἐνδεὴς

414 5258 559 5362 χρήμασί
587 5305 621 5343 τε
648 5280 816 5366 προσήκων
849 5290 904 5344 καὶ
932 5276 1040 5357 ἄλλως
1070 5270 1247 5363 φιλότιμος.
1292 5274 1355 5340 Sed
1384 5276 1445 5339 alla
1474 5277 1569 5339 etiam
1592 5272 1747 5338 eiusmodi
1770 5273 1920 5356 exempla
1949 5286 2036 5354 sunt,
2065 5296 2148 5360 quae
