4506 6120
988 629 1023 690 ll

285 832 422 914 Contigit
445 832 528 894 enim
553 833 582 894 in
599 831 749 914 Agesilao
773 830 989 915 Xenophonti,
1005 842 1039 894 ut
1064 833 1094 895 in
1110 833 1237 915 singulis
1261 835 1399 915 partibus
1415 836 1570 924 sententia
1592 835 1648 896 rite
1671 832 1868 918 procederet,

131 970 246 1032 neque,
261 960 296 1012 ut
311 951 471 1013 antithesis
487 952 566 1014 iusta
588 949 774 1026 efficeretur,
797 968 842 1012 ex
864 951 968 1013 aliena
991 925 1122 1014 materia
1145 953 1280 1014 mutuari
1303 962 1432 1015 coactus
1455 962 1509 1015 est.
1556 952 1663 1015 Unum
1687 955 1809 1037 excipio
1826 953 1869 1016 lV

131 1069 339 1143 enuntiatum,
361 1071 425 1144 ubi,
448 1079 482 1131 ut
505 1071 608 1132 verbis
631 1065 717 1135 ἀλλά
744 1077 833 1146 θεοῖς
855 1068 952 1152 χάριν
973 1065 1044 1168 ᾔδει
1066 1071 1104 1132 sit
1126 1068 1213 1154 quod
1236 1092 1253 1132 e
1277 1073 1433 1134 contrario
1450 1069 1648 1155 respondeat,
1666 1092 1777 1155 parum
1795 1082 1869 1155 apte

131 1185 189 1254 οὐκ
210 1185 234 1252 α’
242 1178 449 1275 νθρώπων
472 1179 687 1274 ὑπερεφρόνει
711 1189 888 1272 opponitur.
927 1188 978 1250 De
993 1189 1172 1251 ltominibus
1195 1190 1279 1251 enim
1304 1190 1333 1250 in
1357 1190 1417 1252 hac
1439 1201 1527 1272 parte
1550 1210 1614 1252 non
1631 1191 1741 1271 agitur.
1780 1189 1869 1253 Alias

131 1316 237 1367 autem
262 1307 463 1389 repetitiones
487 1302 621 1368 vidimus
644 1303 847 1389 dispositione
870 1308 1021 1369 excusari.
1074 1333 1076 1337 ⁷

285 1448 381 1532 Quod
404 1470 494 1514 secus
518 1461 564 1514 est
587 1453 616 1513 in
641 1450 787 1513 Menoue.
825 1447 906 1513 Nam
930 1453 960 1514 in
984 1454 1133 1515 continua
1155 1449 1366 1536 disputatione
1388 1455 1659 1537 paragraphorum
1682 1474 1778 1537 supra
1800 1473 1869 1536 pro-

130 1571 302 1653 positarum
327 1570 418 1653 plura
440 1572 585 1632 membra
607 1590 717 1632 sensus
740 1570 930 1653 aequalitate
953 1581 1095 1654 peccaut.
1150 1568 1221 1633 Non
1245 1571 1329 1633 v'alet
1352 1571 1413 1634 hoc
1436 1568 1475 1633 de
1499 1573 1651 1655 prioribus
1675 1571 1867 1655 singularum

130 1690 328 1752 antitheseon
352 1691 511 1764 membris,
535 1702 617 1772 quae
633 1691 675 1751 ita
690 1686 885 1772 procedunt:
912 1690 931 1754 Ι.
957 1687 998 1762 ld,
1015 1687 1102 1773 quod
1117 1690 1173 1751 sibi
1189 1701 1407 1773 proposuerat,
1424 1691 1559 1773 periurio
1577 1688 1743 1773 mendqcia
1760 1689 1869 1754 lraude

130 1810 389 1891 persequebatur.
414 1809 447 1871 ΙΙ.
464 1810 624 1871 neminem
648 1810 775 1871 amavit.
800 1808 844 1871 ΙΙΙ.
862 1808 984 1871 nullum
1009 1809 1133 1870 ltostem
1157 1805 1287 1870 ridebat.
1312 1808 1363 1872 lV.
1377 1808 1514 1871 hostium
1538 1811 1629 1871 bonis
1653 1793 1783 1872 manum
1804 1831 1870 1873 non

129 1927 238 1989 intulit.
265 1926 302 1990 V.
318 1928 458 2008 periuros
480 1936 510 1988 et
534 1927 663 1987 iniustos
686 1935 719 1986 ut
742 1926 824 1987 bene
847 1935 973 2008 paratos
997 1936 1106 1988 contra
1129 1923 1253 1989 insidias
1276 1928 1417 1989 timebat.
1443 1928 1493 1991 Vl.
1507 1943 1541 1991 ut
1564 1929 1614 1991 alii
1630 1927 1763 1991 deorum
1780 1950 1868 1991 reve-

129 2046 229 2108 rentia
252 2048 384 2109 veritate
406 2048 528 2122 iustitia,
552 2047 595 2109 sic
619 2046 713 2109 Meno
738 2041 847 2108 lraude
871 2041 1043 2108 mendaciis
1066 2047 1241 2108 amicorum
1265 2043 1417 2129 despectu
1440 2047 1642 2128 gloriabatur.

284 2180 365 2242 lnter
389 2199 471 2262 quae
496 2179 504 2240 l
528 2189 559 2241 et
581 2179 634 2253 Vl,
661 2179 698 2242 ΙΙΙ
722 2191 753 2242 et
778 2178 819 2242 lV
842 2189 873 2241 et
896 2179 926 2241 V
956 2181 1113 2243 simillima
1141 2178 1280 2264 quidem,
1310 2192 1418 2242 tamen
1447 2201 1512 2243 non
1541 2179 1655 2244 eadem
1683 2181 1866 2265 significant.

130 2299 192 2364 Sed
215 2318 300 2362 nunc
322 2319 361 2360 ea
383 2297 536 2381 perlegas,
553 2319 635 2382 quae
659 2299 705 2361 his
729 2299 879 2361 membris
903 2300 1048 2382 opposita
1071 2309 1151 2361 sunt.

283 2436 303 2498 Ι.
327 2436 483 2498 sincerum
507 2446 538 2496 et
560 2455 671 2496 verum
695 2436 723 2497 ei
746 2455 765 2497 a
788 2435 883 2497 stulto
906 2454 970 2496 non
994 2432 1159 2497 videbatur
1181 2432 1313 2496 differre.
1339 2435 1370 2499 ΙΙΙ
1385 2456 1482 2518 quem
1506 2437 1562 2497 sibi
1588 2434 1711 2499 dicebat
1728 2439 1866 2500 amicum

129 2575 209 2630 esse,
233 2555 305 2617 huic
327 2565 435 2637 aperte
458 2553 582 2616 insidias
606 2555 725 2616 struxit.
758 2553 806 2616 ΙΙΙ.
823 2550 863 2615 de
886 2554 940 2629 eis,
963 2554 1076 2635 quibus
1100 2551 1290 2614 familiariter
1312 2555 1468 2628 utebatur,
1489 2574 1615 2637 semper
1638 2555 1867 2618 contumeliose

130 2675 327 2757 loquebatur.
352 2672 402 2734 lV.
427 2672 602 2733 amicorum
626 2673 711 2732 bona
736 2681 770 2732 ut
792 2691 904 2753 parum
933 2673 1054 2733 munita
1081 2693 1115 2733 se
1138 2673 1259 2754 optime
1282 2673 1412 2755 putabat
1436 2670 1528 2735 lurari
1555 2693 1658 2756 posse.
1692 2673 1730 2736 V.
1755 2675 1869 2737 sanctis

130 2805 225 2876 atque
249 2792 412 2854 veracibus
434 2799 469 2850 ut
491 2790 611 2867 ignavis
639 2790 836 2851 abutebatur.
867 2788 919 2851 Vl.
940 2790 965 2850 is
988 2791 1127 2872 quinon
1150 2788 1287 2852 nelarius
1309 2801 1376 2852 erat
1398 2792 1426 2851 ei
1450 2787 1615 2854 videbatur
1641 2794 1815 2874 agrestibus
1838 2803 1869 2854 et

130 2911 252 2975 incultis
274 2905 531 2972 adnumerandus
555 2927 634 2969 esse.

284 3046 373 3108 Haec
396 3046 499 3107 minus
522 3044 683 3126 eleganter
705 3045 834 3105 inventa
857 3062 926 3104 esse
950 3055 1044 3126 patet.
1080 3042 1159 3106 Nam
1177 3056 1211 3108 ut
1234 3047 1448 3128 oppositiones
1464 3047 1520 3108 rite
1537 3044 1753 3129 procederent,
1771 3048 1799 3109 in
1824 3069 1869 3110 re·

130 3167 286 3252 petitionis
309 3166 418 3226 vitium
449 3161 562 3226 incidit.
608 3163 650 3225 Ut
679 3164 762 3223 enim
795 3163 803 3224 l
828 3172 859 3223 et
883 3161 934 3238 Vl,
959 3163 1001 3225 ita
1025 3163 1058 3238 ΙΙ,
1082 3163 1123 3226 lV
1147 3175 1178 3225 et
1201 3164 1231 3225 V
1254 3184 1318 3226 non
1349 3164 1452 3226 solum
1471 3149 1622 3239 similem,
1648 3162 1703 3226 sed
1726 3163 1865 3228 eundem

130 3306 257 3349 sensum
282 3286 452 3347 continent.

283 3437 375 3516 Quae
397 3455 470 3499 curn
494 3436 536 3497 ita
566 3435 634 3509 sint,
665 3433 783 3496 artificii
810 3453 874 3516 quo
903 3434 933 3494 in
965 3434 1114 3515 Agesilao
1144 3436 1219 3498 scite
1249 3446 1279 3497 et
1309 3434 1471 3516 eleganter
1500 3456 1575 3498 usus
1605 3447 1652 3498 est
1674 3435 1868 3520 Xenophon,

132 3553 253 3618 videtur
275 3556 305 3616 in
329 3554 465 3616 Menone
492 3555 629 3636 primum
654 3551 764 3615 iecisse
788 3554 1051 3636 experimentum.

283 3704 346 3768 Sed
370 3705 420 3768 vel
444 3705 523 3767 haec
546 3702 724 3767 discrimina
746 3706 786 3767 ab
810 3702 924 3766 eodem
949 3716 1119 3787 utrumque
1143 3707 1291 3788 scriptum
1315 3726 1385 3768 esse
1400 3716 1542 3787 arguunt.
1587 3704 1667 3769 Nam
1684 3727 1749 3770 non
1765 3707 1868 3769 solum

130 3826 233 3891 lorma
248 3824 361 3888 eadem
379 3826 470 3886 estin
490 3823 627 3906 Agesilai
643 3833 675 3884 et
691 3821 835 3885 Menonis
851 3842 994 3898 censura,
1011 3819 1173 3885 sedetiam
1186 3820 1299 3885 eadem
1316 3825 1411 3886 utitur
1424 3825 1555 3906 scriptor
1567 3822 1725 3907 cogitandi
1737 3828 1867 3890 ratione.

283 3969 453 4031 Menonem
489 3970 572 4031 enim
612 3979 646 4030 ut
679 3968 841 4030 hominem
879 3964 1035 4050 perditum
1075 3964 1274 4050 depingeret,
1311 3970 1507 4052 comparavit
1537 3979 1568 4031 et
1604 3989 1675 4031 cum
1714 3971 1804 4032 bonis
1838 3979 1869 4030 et

129 4108 203 4152 cum
227 4088 317 4151 malis
340 4088 519 4149 hominibus
543 4085 619 4160 cll,
643 4086 683 4160 V,
707 4086 760 4148 Vl.
807 4085 942 4168 Reliqua
965 4097 1071 4148 autem
1096 4084 1208 4148 iudicia
1238 4085 1286 4166 (ll,
1311 4085 1358 4162 lll,
1385 4087 1435 4163 lV,
1453 4088 1523 4165 Vll)
1547 4098 1581 4150 ut
1605 4089 1767 4160 inveniret,
1791 4106 1868 4149 usus

129 4218 176 4271 est
199 4206 358 4270 simillimo
381 4203 592 4268 adminiculo:
617 4205 738 4266 amicos
761 4215 792 4265 et
815 4205 957 4267 inimicos
986 4206 1142 4288 opposuit,
1173 4215 1216 4279 ut,
1243 4205 1343 4287 qualis
1372 4204 1477 4266 luisset
1507 4205 1612 4281 lllen0,
1643 4227 1683 4267 ex
1706 4207 1772 4267 eius
1794 4224 1866 4268 cum

129 4327 291 4409 utriusque
314 4325 436 4406 generis
459 4324 639 4386 hominibus
664 4323 857 4385 commercio
880 4333 1055 4407 appareret.

284 4485 423 4569 Agesilai
446 4496 553 4548 autem
577 4482 819 4568 descriptionem
844 4485 868 4545 si
887 4484 937 4546 vel
953 4486 1054 4546 obiter
1068 4502 1240 4566 percurres,
1257 4478 1377 4543 videbis
1393 4483 1580 4545 inventionis
1596 4483 1733 4547 subsidia
1750 4506 1866 4567 magna

130 4626 171 4668 ex
193 4615 282 4689 parte
304 4625 375 4667 esse
397 4602 521 4667 eadent.
559 4602 640 4667 Nam
664 4615 697 4666 ut
714 4600 755 4665 de
770 4604 815 4665 eis
838 4603 914 4666 locis
936 4613 1070 4677 taceam,
1093 4604 1145 4664 ubi
1162 4612 1216 4664 aut
1232 4603 1299 4664 sive
1322 4603 1395 4664 boni
1419 4603 1486 4664 sive
1503 4603 1577 4664 mali
1600 4614 1653 4665 aut
1674 4606 1740 4666 sive
1758 4605 1864 4666 hostes

131 4727 197 4788 sive
219 4726 313 4787 amici
335 4735 639 4800 commemorantur,
664 4733 871 4805 opponuntur
894 4724 923 4784 in
947 4720 1097 4802 Agesilao
1120 4721 1201 4782 inter
1223 4741 1258 4782 se
1287 4721 1393 4782 hostes
1425 4731 1455 4781 et
1486 4722 1579 4782 amici
1607 4719 1627 4795 l,
1659 4720 1739 4794 Vlll,
1768 4720 1866 4797 Xll¹²,

131 4842 278 4919 XX1V1‘2,
304 4842 608 4919 XXV1112‚XX1X‚
632 4845 707 4905 boni
732 4842 870 4924 malique
895 4839 975 4912 lXV,
999 4838 1040 4913 X,
1064 4837 1144 4901 ΧΙΙΙ.

284 4990 325 5051 Et
347 4989 497 5071 quoniam
521 4983 673 5070 quidquid
688 4984 728 5048 de
745 4984 895 5068 Agesilao
911 4980 1030 5058 dicitur,
1054 4981 1202 5046 laudandi
1226 5002 1321 5045 causa
1337 4984 1573 5066 pronuntiatum
1589 4994 1645 5059 est,
1670 4980 1866 5066 vituperandi

131 5127 227 5171 causa
249 5110 366 5184 omnia,
389 5127 471 5190 quae
494 5104 534 5169 de
558 5105 695 5168 Menone
717 5105 860 5189 exposita
882 5112 963 5177 sunt,
986 5103 1147 5185 utriusque
1170 5122 1323 5165 censurae
1346 5104 1467 5186 singula
1490 5104 1635 5165 membra
1657 5101 1742 5166 haud
1765 5122 1867 5185 pauca

130 5229 173 5290 ita
195 5225 397 5312 respondent,
420 5237 453 5289 ut
476 5223 560 5288 idem
584 5234 808 5307 argumentum
832 5225 862 5285 in
885 5223 1056 5287 contrarias
1078 5232 1182 5305 partes
1206 5232 1339 5285 vertant.

1660 5339 1692 5391 2*
