4506 6120
968 671 1006 733 13

365 873 529 953 τώνυντας
559 872 716 952 κολάζων·
782 875 805 938 ll
838 876 932 944 ούδὲν
960 884 1020 960 μεν
1048 875 1240 961 συμβούλων
1271 874 1430 958 δεόμενος,
1460 873 1546 960 όμως
1580 880 1615 943 δὲ
1648 895 1712 956 τοῖς
1745 881 1847 962 φίλοις

365 992 671 1077 συμβουλευόμενος·
738 994 775 1057 lll
805 997 913 1062 πολλοὶ
942 1003 1003 1080 μέν
1033 1001 1100 1062 τοῖν
1128 1006 1299 1082 χρωμένων
1328 992 1518 1079 ἡττώμενος,
1551 994 1689 1063 ἅπαντα
1720 997 1755 1061 δέ
1783 1002 1849 1063 τῶν

364 1113 494 1198 έχθρών
517 1103 785 1199 περιγιγνόμενος·
828 1114 870 1177 lV
893 1115 1006 1199 σεμνός
1030 1112 1075 1180 όν
1098 1109 1137 1180 ού
1160 1131 1229 1190 ταῖς
1252 1113 1309 1181 τοῦ
1333 1106 1504 1199 προσώπου
1526 1133 1735 1197 συναγωγαῖς,
1760 1113 1848 1181 α’λλδ

364 1248 435 1308 ταῖς
450 1232 509 1298 τοῦ
524 1237 598 1309 βίου
613 1247 839 1311 κατασκευαῖς·
891 1233 920 1295 V
937 1231 1013 1301 οὐδὲ
1037 1232 1116 1318 πρός
1139 1236 1175 1298 ἓν
1190 1231 1338 1310 α’τοὶκτως
1354 1231 1420 1300 οὐδ’
1438 1226 1619 1316 α’νωμώλως
1636 1236 1845 1317 διακείμενος,

365 1348 440 1416 a‘ll’
464 1347 577 1433 ὁμοίως
599 1351 659 1427 τδς
681 1352 717 1417 έν
739 1369 802 1428 τοῖς
825 1351 928 1439 ι”ργοις
952 1349 1124 1435 ὁμολογίας
1147 1348 1254 1439 δι’σπερ
1269 1352 1328 1428 uie
1349 1353 1385 1416 έν
1405 1370 1468 1430 τοῖς
1486 1353 1588 1434 λόγοις
1605 1351 1846 1438 διαφυλάττων·

364 1468 408 1531 Vl
433 1481 518 1552 μέγα
546 1470 671 1556 φρονῶν
700 1465 758 1535 οόκ
788 1469 845 1535 ἐπὶ
867 1484 934 1546 τοῖς
957 1468 1013 1535 διό
1042 1468 1150 1555 τύχην,
1183 1468 1257 1535 αλλ’
1281 1471 1337 1536 ε’,πὶ
1360 1487 1426 1548 τοῖς
1448 1472 1490 1535 δι’
1514 1469 1616 1539 αὐτόν
1638 1446 1846 1555 γιγνομένοις·

364 1587 420 1650 Vll
448 1589 521 1666 τούς
549 1596 610 1671 μὲν
637 1591 747 1669 φίλους
785 1605 856 1666 ταῖς
885 1587 1083 1676 εὐεργεσίαις
1108 1586 1159 1670 ὑφ’
1176 1587 1267 1677 αὐτῷ
1284 1590 1487 1674 ποιούμενος,
1508 1591 1583 1668 τούς
1607 1591 1642 1655 δὲ
1665 1587 1782 1667 ἄλλους
1804 1618 1841 1687 τχ

361 1710 597 1796 μεγαλοψυχίᾳ
620 1703 928 1789 καταδουλούμενος·
985 1707 1053 1770 Vlll
1076 1708 1213 1793 φοβερός
1244 1706 1289 1774 τόν
1313 1705 1349 1775 ού
1378 1714 1424 1797 τῷ
1454 1710 1585 1786 πολλοῖς
1616 1711 1843 1792 χαλεπαίνειν,

363 1824 451 1892 dliii
474 1830 519 1915 τῷ
542 1826 627 1893 πολύ
650 1826 712 1909 τήν
734 1825 801 1891 τών
823 1823 936 1892 ἄλλων
958 1817 1058 1910 φύσιν
1080 1824 1309 1913 ὑπερβάλλειν
1364 1825 1408 1890 lX
1429 1825 1603 1912 ἡγούμενος
1625 1832 1690 1893 τών
1713 1824 1846 1913 ἧδονοῖν,

364 1942 506 2012 ἅλλόύκ
536 1934 696 2028 α’γόμενος
726 1941 918 2012 δπάύτιόν
974 1944 1006 2008 X
1033 1942 1154 2026 όλίγοις
1184 1944 1297 2023 πόνοις
1328 1947 1456 2024 πολλός
1485 1945 1651 2035 ῥᾳστώνας
1673 1939 1846 2028 κτώμενος,

363 2061 485 2132 α’λλόό
507 2067 563 2131 dmi
586 2061 706 2149 μικρός
727 2067 895 2152 ῥᾳθυμίας
916 2063 1074 2147 μεγάλους
1098 2063 1219 2141 πόνους
1249 2061 1518 2147 ὑπολειπόμενος·
1564 2063 1621 2145 ζΧΙ
1645 2060 1728 2142 όλως
1753 2060 1848 2131 οόδὲν

362 2187 579 2271 παραλείπων
609 2175 656 2249 τόν
686 2200 851 2269 προσεῖναι
882 2185 933 2249 δεῖ
957 2198 1024 2260 τοῖς
1052 2184 1252 2261 βασιλεῦσιν,
1285 2179 1407 2260 dite}
1437 2183 1569 2268 ἑκάστης
1603 2190 1659 2268 τῆς
1683 2185 1849 2259 πολιτείας

361 2304 579 2385 έξειλεγμένος
606 2302 642 2368 τό
669 2305 851 2379 βέλτιστον,
880 2313 935 2367 καὶ
966 2303 1137 2388 δημοτικός
1166 2309 1228 2384 μὲν
1257 2298 1304 2369 ών
1332 2307 1370 2400 τῇ
1400 2303 1459 2369 τοῦ
1489 2301 1642 2389 πλήθους
1671 2310 1847 2391 θεραπείᾳ,

363 2423 531 2500 πολιτικός
554 2425 589 2488 δὲ
612 2428 651 2518 τῇ
672 2419 727 2508 τῆς
748 2421 870 2498 πόλεως
885 2417 960 2504 όλης
976 2413 1139 2508 διοικήσει,
1163 2421 1371 2508 στρατηγικός
1388 2422 1423 2486 δὲ
1439 2425 1478 2517 τῇ
1494 2418 1576 2508 πρός
1590 2421 1663 2498 τούς
1677 2419 1847 2493 κινδύνους

364 2539 529 2628 εὐβουλίᾳ,
553 2543 742 2624 τυραννικός
770 2537 888 2624 [Vulg.,
915 2537 1129 2626 μεγαλόφρων
1157 2536 1247 2622 Urb.]
1271 2541 1307 2605 δὲ
1329 2544 1375 2629 τῷ
1405 2545 1488 2605 πᾶσι
1511 2537 1634 2618 τούτοις
1666 2541 1845 2625 διαφέρειν.

261 2691 384 2755 Rursus
401 2691 634 2756 exordiarnura
651 2693 762 2767 lorma,
775 2714 872 2778 quam
888 2703 1019 2776 apparet
1034 2693 1132 2774 magis
1152 2689 1280 2754 affinem
1298 2709 1368 2754 esse
1389 2691 1517 2755 blenoni
1534 2691 1733 2768 Anabaseos‚
1750 2711 1847 2775 quam

110 2807 270 2891 Agesilao.
300 2811 471 2874 Enuntiata
483 2813 577 2886 enirn,
593 2833 675 2895 quae
696 2810 871 2875 secundum
890 2809 1191 2891 alteriusclassis'(cl.
1210 2832 1238 2894 p.
1257 2811 1290 2889 9)
1310 2811 1498 2893 plerumque
1510 2807 1657 2874 normam
1671 2812 1849 2894 composita

109 2940 190 3004 sunt,
201 2940 235 2992 ut
248 2931 362 2992 artiore
378 2931 504 2994 vinculo
516 2932 708 2993 cohaereant
722 2931 951 3014 similioresque
963 2932 1031 3002 sint,
1042 2950 1061 2991 a
1073 2931 1171 2992 verbo
1184 2931 1362 2996 διετέλεσεν
1374 2931 1473 2993 voluit
1486 2951 1639 3014 suspensa
1650 2951 1720 2992 esse
1729 2930 1846 2992 omnia.

110 3047 284 3111 Particulae
307 3050 336 3110 in
360 3047 553 3133 opponendo
570 3046 727 3111 adhibitae
744 3059 815 3110 sunt
831 3059 885 3110 aut
900 3057 961 3128 μὲν
974 3049 1065 3112 -δέ
1085 3058 1138 3109 aut
1154 3045 1191 3113 ori
1203 3084 1245 3090 -
1259 3046 1356 3112 ditat.
1391 3036 1525 3110 Videtur
1548 3049 1638 3130 igitur
1660 3068 1724 3109 non
1742 3045 1846 3110 taedio

110 3164 204 3227 luisse
227 3166 364 3240 lsocrati,
389 3166 444 3229 sed
460 3167 576 3230 deliciis
593 3167 809 3251 aequabilitas
827 3169 915 3229 cuius
930 3164 1068 3229 studium
1085 3166 1179 3227 etiam
1197 3166 1228 3226 in
1244 3166 1440 3247 singulorum
1458 3168 1675 3228 membrorum
1694 3175 1849 3228 structura

110 3295 254 3368 apertum
279 3296 326 3348 est
342 3297 373 3348 et
388 3308 471 3370 quae
494 3287 624 3349 soluitur
647 3288 677 3348 in
700 3286 763 3348 fine
796 3283 927 3347 demum
958 3281 1181 3366 descriptionis.
1228 3284 1300 3347 Hoc
1331 3296 1437 3346 autem
1469 3295 1500 3346 et
1531 3285 1561 3345 in
1584 3283 1722 3346 lllenone
1752 3294 1784 3345 et
1816 3285 1846 3346 in

110 3402 262 3484 Agesilao
289 3406 538 3467 observavimus.
592 3404 625 3466 ln
655 3404 734 3466 illius
767 3405 851 3466 enim
881 3402 1085 3466 conclusione
1115 3400 1250 3464 vidimus
1275 3403 1332 3464 tria
1359 3404 1503 3464 membra
1524 3403 1646 3465 voculis
1676 3403 1848 3464 cohaerere

108 3524 274 3603 μέν..δέ
289 3522 420 3602 ..orl
444 3524 474 3585 in
496 3523 588 3586 huius
611 3524 750 3607 quinque
774 3524 942 3585 coniuncta
956 3543 1026 3584 esse
1042 3542 1098 3605 per
1111 3522 1320 3605 par..oa.‚
1337 3523 1371 3587 δὲ
1390 3571 1396 3584 .
1417 3571 1422 3584 .
1441 3522 1475 3586 δὲ
1495 3571 1500 3582 .
1520 3575 1525 3585 .
1541 3550 1578 3603 γε
1603 3520 1689 3608 μήνς
1711 3518 1795 3583 idem
1813 3522 1845 3582 in

109 3650 254 3702 extrema
277 3651 365 3723 parte
389 3641 448 3703 loci
472 3640 619 3703 lsocratei
642 3639 920 3725 deprehendimus
945 3643 997 3704 ubi
1019 3651 1129 3724 μέν..
1153 3641 1312 3723 excipiunt
1335 3642 1369 3705 δὲ
1388 3694 1393 3704 .
1413 3694 1418 3704 .
1437 3642 1472 3706 δὲ
1490 3689 1496 3702 .
1515 3689 1521 3702 .
1539 3642 1583 3706 δέ.

262 3791 324 3855 Sed
348 3813 433 3856 nunc
455 3803 678 3876 argumentum
703 3792 877 3870 videamus,
901 3791 988 3879 quod
1011 3790 1167 3857 conducet
1190 3793 1249 3855 bac
1272 3792 1379 3854 tabula
1402 3812 1580 3876 proponere
1612 3863 1613 3867 χ

152 3912 190 3976 l¹.
213 3914 331 3975 nemini
355 3913 498 3974 iniuriam
522 3911 675 3975 inferebat
1029 3921 1155 3973 strenue
1185 3912 1336 3992 regnabat

52 4107 54 4110 Α
155 4031 188 4094 12.
213 4032 315 4092 bonos
338 4030 515 4092 honorabat
1029 4031 1143 4092 noxios
1166 4030 1245 4090 iuste
1269 4031 1440 4112 castigabat

152 4149 189 4214 ll.
215 4148 450 4212 consiliantibus
473 4169 538 4210 non
561 4146 720 4230 indigebat
1029 4149 1149 4210 amicos
1173 4128 1371 4210 consultabat

139 4267 189 4331 Ill.
213 4269 276 4330 suis
299 4264 432 4330 cedebat
1029 4267 1172 4328 inimicos
1195 4267 1395 4349 opprimebat

136 4385 190 4449 IV.
214 4407 279 4449 non
302 4406 357 4449 ore
1029 4385 1170 4446 moribus
1193 4384 1298 4465 gravis
1321 4391 1388 4444 erat

151 4505 191 4568 V.
215 4506 246 4566 in
268 4506 356 4568 nullo
380 4503 486 4567 ollicio
509 4504 664 4565 rationem
686 4501 876 4585 neglegebat
895 4513 926 4565 et
1029 4503 1111 4565 lacta
1134 4503 1201 4564 eius
1224 4521 1297 4564 cum
1321 4497 1409 4563 dictis
1433 4501 1641 4563 concinebant

263 4619 459 4707 disciplinam

132 4741 187 4805 Vl.
210 4762 276 4805 non
300 4743 345 4803 eis
368 4762 450 4824 quae
473 4761 548 4805 casu
571 4742 600 4803 ei
622 4741 799 4822 obtigerant
1031 4740 1224 4822 gloriabatur
1248 4741 1293 4801 eis
1315 4760 1397 4822 quae
1420 4739 1534 4800 virtute
1556 4739 1613 4800 sibi
1636 4747 1803 4820 paraverat

126 4859 193 4924 Vll.
218 4861 338 4923 amicos
361 4860 521 4922 beneficiis
1031 4878 1144 4921 omnes
1167 4858 1263 4919 animi
1288 4853 1502 4939 magnitudine
1526 4857 1582 4920 sibi
1605 4853 1804 4918 devinciebat

111 4978 194 5045 Vlll.
217 5000 283 5042 non
306 4990 434 5063 propter
457 4976 650 5043 iracundiam
1031 4986 1159 5060 propter
1180 4986 1314 5038 naturae
1337 4973 1521 5057 dignitatem
1545 4976 1747 5037 metuebatur

110 5171 260 5179 ——--

265 5284 284 5350 ¹)
305 5284 409 5334 Accedit
426 5285 451 5334 in
470 5284 576 5335 Menone
595 5284 748 5334 enuntiatum
768 5284 827 5332 Vlll
846 5299 895 5333 non
914 5283 1064 5348 bipertitum.
