4506 6120
1305 645 1345 705 14

1218 732 1421 739 ——-.

479 846 532 911 lX.
558 847 772 930 voluptatibus
796 845 1021 910 moderabatur
1370 868 1436 911 non
1459 849 1708 931 succumbebat

489 965 529 1030 X.
554 967 661 1049 paucis
685 966 843 1028 laboribus
868 966 968 1028 multa
983 965 1156 1029 commoda
1171 967 1269 1030 lucra·
1372 986 1436 1028 non
1472 968 1579 1049 paucis
1613 964 1793 1029 commodis
1822 966 1939 1028 multos
1970 965 2097 1029 labores
2129 967 2190 1029 sibi

605 1086 697 1146 batur
1525 1086 1666 1169 pariebat

475 1201 531 1264 Xl.
556 1202 708 1284 regalium
732 1201 909 1267 officiorum
934 1203 1056 1266 nullum
1080 1203 1268 1286 neglegebat
1372 1225 1412 1266 ex
1435 1205 1523 1266 omni
1546 1205 1672 1266 civitate
1694 1204 1816 1286 optima
1837 1223 1985 1287 quaeque
2008 1203 2150 1286 eligebat

452 1322 612 1406 popularis
642 1331 708 1384 erat
740 1321 940 1408 (δημοτικός)
969 1323 1076 1406 populi
1104 1324 1324 1406 procuratione
1355 1358 1394 1368 —
1422 1324 1565 1406 politicus
1597 1324 1640 1386 rei
1670 1323 1814 1406 publicae
1846 1320 2118 1385 administratione
2150 1358 2194 1365 —

759 1442 978 1524 imperatorius
1007 1441 1218 1525 periculorum
1248 1462 1324 1505 cura
1352 1452 1383 1504 et
1413 1439 1611 1524 providentia
1642 1476 1683 1485 —
1717 1442 1820 1524 regius
1851 1438 2029 1524 [σαίρουσιν
2059 1437 2192 1524 sequor]

761 1561 834 1642 quia
856 1561 1003 1622 omnibus
1027 1560 1084 1622 illis
1107 1562 1270 1623 virtutibus
1293 1582 1369 1644 prae
1392 1562 1502 1624 ceteris
1525 1561 1673 1643 pollebat.

608 1678 715 1760 Atque
739 1689 887 1761 quattuor
909 1689 1053 1740 extrema
1076 1681 1220 1741 membra
1243 1676 1432 1743 undecimae
1454 1679 1599 1741 antithesi
1621 1676 1748 1741 adnexa
1771 1678 1873 1741 forma
1895 1689 2028 1752 tantum,
2060 1698 2129 1742 non
2159 1699 2193 1740 re

454 1798 510 1859 sibi
533 1797 679 1881 opposita
700 1807 781 1858 sunt.
826 1795 980 1860 Undecim
998 1808 1104 1860 autem
1128 1818 1210 1880 quae
1233 1795 1426 1881 praecedunt
1448 1798 1622 1860 sententiae
1644 1798 1808 1881 bipertitae
1830 1794 1915 1860 haud
1938 1794 2091 1859 mediocri
2115 1816 2191 1860 cum

453 1914 622 1977 subtilitate
645 1916 843 1997 excogitatae
859 1926 939 1978 sunt.
979 1914 1058 1978 Nam
1076 1917 1142 1978 sive
1158 1918 1296 2000 priorum
1313 1919 1379 1979 sive
1394 1919 1604 2000 posteriorum
1621 1919 1838 1979 membrorum
1855 1917 1967 1979 seriem
1983 1916 2192 1999 perlegimus,

453 2035 654 2096 haerebimus
677 2054 845 2117 nusquam,
869 2037 944 2117 quia
965 2036 1144 2098 iterationes
1167 2033 1290 2110 desunt,
1314 2056 1397 2119 quae
1420 2037 1449 2099 in
1473 2035 1617 2099 Menonis
1640 2055 1774 2099 censura
1797 2035 1951 2098 molestae
1980 2044 2078 2096 erant.
2127 2032 2193 2097 Sed

453 2152 505 2215 vel
528 2152 602 2215 talia
623 2153 761 2224 evitavit,
784 2154 889 2236 qualia
911 2154 941 2214 in
965 2153 1117 2236 Agesilao
1141 2156 1259 2231 monui,
1283 2156 1336 2216 ubi
1351 2154 1415 2233 (IV)
1441 2150 1639 2240 οἷνθροὶπους
1654 2174 1719 2217 non
1735 2153 1912 2235 argumenti
1935 2149 1991 2214 sed
2006 2150 2192 2235 explendae

454 2268 574 2354 periodi
596 2272 774 2333 necessitati
797 2268 939 2346 debetur,
956 2272 1006 2334 vel
1023 2272 1126 2336 x1V1.
1147 2293 1230 2356 quae
1252 2293 1316 2336 non
1340 2284 1406 2335 tam
1430 2273 1586 2356 oppositio
1603 2283 1660 2347 est,
1683 2291 1779 2355 quam
1806 2270 2018 2354 amplificatio.
2064 2267 2191 2333 Oderat

452 2411 570 2472 nempe
595 2391 688 2452 etiam
715 2389 798 2452 iures
821 2391 998 2473 Agesilaus

606 2509 647 2570 Et
670 2510 736 2571 sine
760 2510 997 2592 repetitionibus
1020 2507 1196 2593 procedunt
1218 2510 1366 2571 membra
1389 2509 1547 2572 Isocratea
1578 2519 1610 2571 et
1633 2529 1727 2571 verae
1752 2508 1870 2591 ubique
1901 2516 1973 2568 sunt
2003 2506 2190 2568 antitheses.

453 2628 542 2708 Quas
565 2637 619 2690 aut
648 2629 691 2690 ita
711 2626 868 2704 lormavit,
891 2640 926 2691 ut
948 2651 987 2692 ea
1002 2639 1220 2712 componeret,
1244 2650 1326 2712 quae
1351 2630 1439 2711 quasi
1463 2625 1592 2689 diversis
1616 2626 1690 2690 locis
1714 2626 1844 2689 licuerat
1866 2627 2046 2699 observare,
2064 2624 2124 2685 etsi
2150 2621 2191 2685 ad

452 2745 588 2809 eandem
612 2748 764 2829 originem
789 2749 849 2809 sint
871 2746 1036 2810 referenda
1059 2760 1093 2810 ut
1109 2747 1156 2820 lll‚
1174 2749 1215 2811 lV
1233 2748 1309 2829 alia;
1332 2758 1386 2810 aut
1409 2747 1577 2829 negatione
1600 2746 1746 2808 contrarii
1777 2743 1946 2806 illustratur
1968 2744 2074 2823 notio;
2099 2744 2190 2805 cuius

451 2866 579 2927 rationis
599 2865 719 2927 bellum
736 2865 919 2948 exemplum
937 2867 1035 2927 habes
1051 2864 1090 2927 X.
1115 2865 1262 2948 Denique
1280 2867 1374 2928 etiam
1391 2864 1529 2947 generali
1540 2865 1659 2926 notioni
1676 2865 1844 2946 opponitur
1859 2861 2062 2945 particularis
2081 2872 2117 2923 ut
2134 2861 2189 2923 Xl.

606 2982 685 3045 Arte
707 2984 799 3064 igitur
821 2994 959 3066 praestat
982 2985 1141 3048 Isocrates.
1188 2982 1284 3065 Quod
1307 2984 1404 3047 nolim
1429 2986 1470 3046 ita
1494 2984 1700 3066 intellegatur,
1724 2984 1812 3065 quasi
1836 2983 1911 3044 mihi
1935 2983 2038 3043 minus
2062 2981 2190 3064 placeat

451 3099 643 3184 Xenophon.
679 3102 781 3164 lmmo
806 3100 882 3164 dum
906 3124 1109 3187 summopere
1140 3102 1280 3167 delector
1304 3105 1407 3166 veraci
1431 3103 1569 3185 Agesilai
1592 3101 1800 3186 descriptione
1824 3122 1864 3163 ex
1880 3102 1944 3163 vita
1959 3101 2074 3163 hausta
2091 3111 2189 3183 atque

452 3219 679 3283 consuetudine
702 3223 792 3304 regis,
817 3221 955 3284 taedium
981 3234 1090 3285 movet
1112 3223 1276 3284 lucubrata
1299 3223 1440 3285 Isocratis
1463 3220 1652 3285 declamatio
1676 3221 1817 3284 scholam
1841 3217 1988 3282 redolens
2011 3229 2043 3280 et
2066 3219 2186 3281 oleum.

607 3341 700 3423 lgitur
715 3342 776 3403 hoc
794 3352 841 3403 est
864 3362 1037 3404 commune
1060 3340 1265 3424 Xenophonti
1286 3361 1358 3404 cum
1384 3341 1489 3404 multis
1512 3342 1647 3404 lsocrate
1666 3342 1848 3424 potioribus
1864 3351 1898 3402 ut
1914 3336 2036 3402 aridum
2052 3339 2187 3401 rhetoris

453 3459 613 3540 ingenium
637 3471 805 3521 veneretur
828 3460 958 3542 eiusque
981 3470 1150 3543 praecepta
1173 3458 1336 3541 diligenter
1358 3462 1503 3522 imitetur.
1550 3458 1646 3541 Quod
1669 3480 1733 3521 non
1756 3458 1860 3521 solum
1891 3457 2023 3532 formae,
2054 3455 2096 3520 de
2123 3476 2187 3541 qua

440 3575 598 3668 uidimus,
623 3576 678 3639 sed
702 3580 796 3640 etiam
821 3580 998 3657 argumenti
1021 3580 1227 3661 congruentia
1249 3576 1455 3641 demonstrat.

440 3670 443 3672 .
608 3696 667 3757 Hic
689 3698 772 3757 enim
797 3698 978 3759 memineris
1002 3698 1107 3773 velim,
1131 3718 1213 3780 quae
1236 3695 1298 3758 dixi
1320 3695 1360 3758 de
1376 3696 1597 3780 Xenophontis
1613 3696 1771 3756 bonorum
1788 3713 1860 3756 cum
1883 3693 1983 3769 malis,
2007 3694 2185 3756 amicorum

452 3833 524 3876 cum
548 3813 689 3875 hostibus
712 3817 959 3897 comparatione.
1005 3814 1096 3878 Nunc
1120 3813 1206 3878 vides
1229 3817 1324 3878 etiam
1347 3817 1409 3879 hoc
1432 3835 1506 3877 eum
1530 3811 1646 3875 debere
1668 3812 1804 3874 Isocrati.
1851 3807 1931 3872 Nam
1956 3811 2006 3872 ille
2029 3815 2186 3875 sententia

451 3931 491 3993 lll
516 3931 684 4005 familiares
708 3943 738 3994 et
761 3934 902 3995 inimicos
926 3934 1096 4016 Euagorae
1119 3935 1290 4017 componit.
1337 3933 1414 3995 ltem
1438 3932 1464 3993 ll
1487 3942 1519 3993 et
1542 3931 1600 3994 Vll
1623 3950 1687 4013 quo
1711 3904 1818 3991 animo
1843 3927 1933 3990 luerit
1956 3948 2032 4011 ergo
2063 3931 2185 3993 amicos

451 4051 594 4134 legimus,
625 4051 677 4112 ubi
708 4051 843 4133 oppositi
873 4061 945 4112 sunt
971 4073 1035 4114 non
1065 4066 1129 4114 tam
1153 4053 1259 4114 hostes
1289 4072 1385 4134 quam
1416 4058 1444 4116 ot
1467 4049 1561 4116 ἄλλοι
1585 4051 1603 4112 i.
1619 4070 1647 4111 e.
1671 4051 1709 4124 ei,
1740 4049 1792 4130 qui
1815 4067 1881 4110 non
1905 4045 2074 4111 familiares
2097 4059 2183 4111 sunt.

450 4169 517 4235 Nec
539 4169 653 4233 desunt
677 4170 750 4232 mali
774 4171 932 4252 bonique:
961 4169 1119 4252 prodeunt
1142 4177 1169 4236 ot
1193 4185 1325 4258 χρηστοί
1339 4171 1349 4229 Ι
1365 4183 1386 4245 ¹,
1411 4176 1439 4234 ot
1463 4166 1743 4257 ἐξαμαρτάνοντες
1759 4166 1770 4228 Ι
1783 4179 1808 4243 ²,
1832 4177 1866 4228 ut
1889 4186 1952 4250 quo
1975 4166 2085 4229 animo
2109 4185 2184 4248 erga

451 4310 506 4352 eos
529 4312 585 4352 rex
609 4288 699 4352 luerit
722 4288 949 4352 demonstrent.

605 4407 771 4471 Accedunt
794 4409 968 4490 singulares
991 4409 1164 4470 sententiae
1187 4408 1331 4470 Isocratis
1355 4406 1662 4488 Xenophontearum
1686 4415 1751 4467 tam
1782 4403 1908 4479 simileS,
1937 4412 1971 4465 ut
1998 4403 2038 4465 ab
2068 4401 2185 4466 eodem

451 4525 617 4590 videantur
640 4546 708 4588 esse
731 4528 874 4606 scriptae.

452 4648 616 4730 Euagoras
660 4646 707 4708 Ill.
754 4646 861 4711 πολλοὶ
906 4654 968 4728 μὲν
999 4650 1064 4712 τῶν
1096 4658 1267 4733 χροιμίνοιν
1372 4645 1537 4727 Agesilaus
1560 4641 1694 4705 XXlV².
1717 4647 1855 4728 ἑταίροις
1877 4636 1995 4726 ἥδιστα
2020 4636 2138 4709 ιῗπεῑκε

603 4754 797 4849 ἡττώμενος,
828 4762 967 4832 ἅπαντα
991 4765 1027 4832 δὲ
1048 4771 1114 4832 τῶν
1136 4764 1267 4850 ἐχθρῶν
1370 4763 1503 4827 XXlV¹.
1526 4763 1659 4846 ἐχθροῖς
1683 4750 1907 4845 φοβερώτατος
1929 4752 1969 4845 ἦν

603 4880 867 4972 περιγιγνόμενος
1369 4880 1475 4945 ΧΧΧ.
1513 4886 1542 4945 ol
1575 4878 1734 4965 χρώμενοι
1772 4876 1913 4946 ἐκάλουν
1947 4876 2050 4945 αὐτόν
2085 4877 2188 4970 οἷπρο·

1522 4999 1681 5082 φάσιστον

450 5122 503 5186 IV.
528 5120 638 5206 σεμνός
651 5122 689 5190 οὐ
704 5140 775 5199 ταῖς
790 5126 850 5188 τοῦ
866 5112 1039 5208 προσώπου
1055 5140 1262 5203 συναγωγαῖς,
1370 5120 1487 5184 XXVI.
1510 5120 1548 5184 τὸ
1573 5117 1685 5204 εὔχαρι
1702 5117 1740 5186 ου’
1753 5115 1955 5202 σκώμμασιν,
1973 5112 2058 5183 α’λλοὲ
2075 5109 2189 5209 τρόπῳ

603 5238 691 5307 ἄλλα
715 5257 786 5318 ταῖς
808 5246 866 5308 τοῦ
887 5246 961 5318 βίον
983 5257 1197 5319 κατασκευαῖς
1522 5237 1693 5324 ἐπετήδευε
