4506 6120
1282 627 1301 686 8

1190 717 1395 724 ——--

421 844 453 897 et
486 832 589 896 lorma
612 830 756 896 diversae
779 842 859 896 sunt.
905 832 1024 895 Forma
1046 830 1212 895 differunt:
1236 852 1313 894 nam
1338 833 1543 896 antithesibus
1567 853 1631 896 non
1654 843 1792 896 utuntur.
1838 832 2055 916 Argumento:
2087 854 2166 897 nam

421 954 524 1035 agitur
553 953 584 1015 in
620 953 664 1014 eis
695 972 761 1015 non
784 949 824 1014 de
846 952 994 1015 unIversa
1017 950 1157 1034 Agesilai
1180 960 1293 1013 natura
1323 961 1420 1035 atque
1442 953 1516 1028 vita,
1540 950 1596 1014 sed
1618 950 1658 1014 de
1689 953 1785 1014 animi
1815 954 2018 1036 corporisque
2041 953 2166 1035 vigore,

420 1092 485 1156 quo
510 1071 559 1133 vel
583 1082 729 1133 extrema
752 1079 914 1134 senectute
936 1071 1125 1153 conspicuus
1148 1079 1223 1133 erat.

574 1187 638 1252 Sed
672 1191 729 1252 etsi
758 1187 913 1264 differunt,
944 1208 1008 1252 non
1038 1188 1141 1252 aliena
1170 1197 1281 1250 sunta
1305 1189 1468 1270 prioribus.
1512 1190 1616 1253 Immo
1644 1192 1806 1274 aptissime
1828 1191 1908 1253 haec
1935 1188 1975 1253 de
1998 1200 2167 1254 senectute

423 1307 562 1390 Agesilai
578 1306 769 1373 declamatio
794 1309 918 1371 liberius
933 1327 1073 1390 evagans
1096 1306 1183 1369 velut
1204 1305 1350 1389 epilogus
1366 1302 1483 1368 claudit
1498 1305 1696 1389 tetralogiam
1717 1305 1961 1390 praecedentem
1984 1307 2164 1372 secundum

420 1428 588 1489 severiorIs
611 1427 684 1488 artis
708 1426 795 1508 leges
818 1425 1001 1510 expolitam.

573 1715 779 1790 Sententiam,
820 1735 917 1797 quam
948 1715 1072 1798 protuli,
1102 1735 1141 1777 eo
1171 1722 1249 1798 puto
1280 1713 1420 1775 maxime
1449 1712 1628 1775 confirmari
1659 1711 1756 1796 quod,
1773 1734 1844 1776 eam
1875 1717 1900 1778 si
1929 1714 2164 1799 amplectimur,

419 1834 641 1917 repetitionum
670 1835 760 1910 vitia,
796 1853 878 1917 quae
907 1831 1054 1897 videntur
1087 1836 1252 1898 vexavisse
1286 1814 1369 1898 viros
1397 1831 1518 1907 doctos,
1548 1852 1675 1915 prorsus
1702 1804 1900 1896 excusantur.
1951 1834 2024 1915 Qua
2050 1832 2090 1896 de
2128 1856 2164 1896 re

419 1951 563 2016 conleras
582 1953 720 2036 primum
737 1973 786 2028 ea,
802 1973 885 2036 quae
900 1950 964 2015 dixi
979 1974 1008 2036 p.
1026 1969 1044 2032 7
1061 1975 1141 2016 vers.
1160 1955 1178 2015 8
1194 1975 1239 2038 sq.
1279 1953 1387 2037 Atque
1409 1953 1505 2014 tribus
1528 1952 1682 2034 prioribus
1705 1954 1843 2038 partibus
1866 1974 1959 2037 spero
1975 1973 2163 2016 assensuros

419 2091 489 2134 esse
512 2071 691 2155 plerosque,
721 2069 909 2134 dubitabunt
943 2071 1074 2135 fortasse
1110 2072 1150 2135 de
1187 2083 1306 2157 quarta.
1362 2073 1434 2153 Qua
1470 2091 1504 2132 re
1538 2068 1671 2133 affinitas
1707 2070 1801 2133 veIIm
1835 2073 2042 2147 examinetur,
2077 2093 2164 2156 quae

322 2219 327 2225 ·
418 2188 582 2253 intercedit
615 2192 694 2252 inter
728 2189 836 2253 XXIV
870 2202 901 2253 et
924 2189 1264 2255 XXVIll²—XXIX.
1310 2188 1518 2255 Offenderent
1547 2190 1627 2253 haec
1649 2210 1736 2262 sane,
1767 2192 1791 2253 si
1822 2189 1938 2253 eodem
1970 2192 2100 2255 consilio
2131 2204 2164 2255 et

419 2310 450 2371 in
480 2328 545 2370 una
568 2329 678 2371 sensus
701 2310 890 2392 compagine
913 2309 1036 2393 prolata
1050 2320 1164 2372 essent.
1203 2310 1321 2373 Contra
1337 2312 1361 2373 si
1377 2311 1556 2391 graviorem
1580 2311 1728 2372 oratIonis
1751 2311 1935 2373 incisi0nem
1959 2311 2038 2372 inter
2061 2310 2163 2374 XXV

419 2437 450 2489 et
467 2426 576 2490 XXVI
593 2448 661 2490 esse
677 2429 889 2505 statuerimus,
912 2429 987 2491 nihil
1017 2431 1073 2491 erit
1103 2427 1191 2513 quod
1214 2431 1437 2513 vituperemus.
1474 2429 1560 2491 Tum
1576 2430 1661 2490 enim
1685 2428 1736 2491 illa
1758 2431 1913 2492 sententia
1935 2428 2068 2512 (XXIV)
2091 2431 2163 2493 eius

418 2548 513 2630 partis
536 2557 593 2622 est,
627 2548 657 2608 in
681 2567 744 2630 qua
767 2548 868 2630 qualis
891 2547 982 2610 luerit
1014 2548 1184 2630 Agesilaus
1216 2545 1368 2611 adversus
1400 2550 1506 2610 hostes
1538 2543 1699 2610 amicosve
1728 2548 1901 2632 explicatur
1929 2570 1970 2611 ex
2000 2551 2096 2633 Ipsius
2121 2546 2164 2611 de

419 2666 533 2727 virtute
555 2666 742 2749 opinatibus.
789 2663 874 2728 ldem
898 2676 1004 2729 autem
1028 2687 1094 2729 non
1116 2669 1218 2751 potuit
1239 2688 1304 2730 non
1328 2669 1440 2730 iterum
1464 2687 1721 2730 commemorare
1744 2669 1884 2751 scriptor,
1908 2669 1961 2730 uhi
1984 2669 2165 2730 memoriae

420 2783 560 2865 Agesilai
613 2782 831 2846 elficacIssima
876 2795 1165 2868 repraesentaturus
1201 2796 1267 2848 erat
1314 2786 1519 2848 lineamenta:
1571 2786 1669 2848 habes
1721 2788 1873 2868 originem
1931 2788 2163 2849 sententiarum

418 2900 733 2964 XXVlll²-XXlX.
780 2902 820 2963 Et
843 2902 1031 2984 Intellegitur
1053 2924 1126 2979 una,
1151 2923 1205 2967 cur
1227 2903 1267 2979 id,
1291 2903 1378 2988 quod
1400 2904 1453 2967 illo
1470 2904 1542 2967 loco
1558 2906 1695 2966 breviter
1711 2907 1864 2987 tetigerat,
1887 2906 1949 2968 hoc
1972 2905 2165 2990 explicatius

419 3017 624 3102 descripserit.
675 3017 786 3102 Neque
826 3020 887 3081 lam
919 3019 1074 3096 offendet,
1106 3019 1191 3104 quod
1233 3034 1264 3085 et
1299 3026 1330 3085 ln
1370 3024 1471 3108 prima
1500 3032 1588 3106 parte
1622 3033 1652 3084 et
1687 3024 1716 3085 In
1747 3025 1856 3086 tertiae
1892 3026 2047 3086 sententia
2081 3023 2164 3087 XIX

418 3148 689 3201 commemoratur
712 3139 811 3222 pietas
836 3138 984 3221 Agesilai.
1038 3140 1091 3202 llla
1122 3142 1216 3217 enim,
1243 3139 1407 3225 quomodo
1430 3140 1562 3203 coluerit
1591 3137 1669 3202 deos
1692 3141 1868 3222 exponitur,
1892 3141 1923 3202 in
1946 3137 2024 3202 XIX
2048 3153 2162 3206 autem

418 3253 573 3321 sententia
595 3260 705 3320 tertiae
734 3260 828 3341 partis
849 3256 954 3341 'pietas
987 3260 1038 3322 illa
1067 3257 1106 3321 ad
1137 3273 1255 3324 certam
1280 3259 1412 3322 refertur
1442 3259 1639 3342 opinionem,
1669 3260 1770 3341 agitur
1800 3237 1884 3321 enim
1913 3260 1964 3323 hic
1997 3257 2037 3322 de
2060 3262 2165 3344 phiIo·

418 3379 529 3460 sophia
551 3378 639 3459 regis.
675 3378 805 3459 Optime
832 3374 968 3460 deanue
992 3376 1121 3454 videbis,
1145 3383 1227 3462 quae
1250 3381 1288 3441 sit
1311 3380 1423 3441 harum
1447 3379 1581 3461 partium
1605 3376 1758 3453 condici0,
1782 3381 1808 3440 si
1825 3380 1923 3441 verba
1945 3380 2077 3467 ἐχθροῖς
2099 3390 2166 3465 μὲν

418 3491 691 3583 δυσεξαπάτητος,
716 3499 819 3579 φίλοις
841 3498 877 3562 δὲ
898 3495 1241 3586 εὐπαραπειστότατος
1265 3496 1413 3578 (XXVIII
1426 3496 1453 3577 2)
1476 3495 1599 3560 confers
1629 3516 1701 3559 cum
1733 3498 1792 3561 his:
1823 3510 1877 3563 nai
1905 3498 1980 3574 τούς
2007 3507 2069 3580 μὲν
2094 3497 2164 3567 tired

417 3618 518 3699 φίλων
540 3615 814 3698 ἐξαπατωμένους
839 3614 896 3682 οὐκ
920 3616 1029 3700 ἔψεγε,
1051 3616 1127 3694 τους
1154 3618 1187 3682 δὲ
1220 3614 1285 3684 ὑπὸ
1316 3619 1483 3699 πολεμίοιν
1512 3608 1660 3698 πάμπαν
1688 3630 1910 3701 κατεμέμφετο
1947 3630 2004 3682 καῖ
2030 3615 2067 3683 τὸ
2099 3628 2166 3702 μὲν

417 3730 637 3809 α’πιστοῦντας
671 3733 846 3810 ἐξαπατᾶν
876 3734 975 3816 σοφὸν
1005 3735 1119 3823 ἔκρινε,
1153 3736 1189 3800 τὸ
1223 3736 1258 3800 δὲ
1281 3732 1492 3812 πιστεύοντας
1515 3726 1647 3800 α’νόσιον
1669 3733 1775 3817 (XIV).
1821 3736 1978 3819 Apertum
2002 3738 2088 3799 enlm
2113 3751 2166 3801 est

418 3852 513 3913 etiam
545 3852 595 3914 hic
624 3853 674 3933 agi
697 3849 737 3914 de
760 3850 874 3914 eadem
898 3873 941 3928 re,
965 3851 1005 3915 de
1028 3874 1091 3936 qua
1113 3851 1224 3916 dicitur
1246 3865 1278 3916 et
1303 3852 1412 3915 XXIV
1435 3863 1466 3914 et
1488 3851 1623 3914 XXVIII
1634 3851 1657 3914 ¹.
1703 3851 1766 3915 Sed
1790 3853 1935 3935 leguntur
1957 3856 2037 3919 haec
2060 3860 2166 3921 verba

418 3971 449 4031 ln
473 3989 511 4031 ea
526 3980 624 4052 parte,
642 3991 724 4053 quae
747 3983 794 4033 est
818 3969 857 4033 de
875 3972 1025 4053 Agesilao
1040 3973 1185 4035 homiues
1208 3969 1384 4051 iudicante,
1407 3991 1470 4054 qua
1493 3991 1526 4032 re
1549 3971 1610 4033 hoc
1634 3970 1705 4034 loco
1726 3992 1765 4034 ea
1780 3973 1875 4034 utitur
1891 3971 1993 4036 Iorma
2016 3977 2163 4060 scriptor,

417 4098 451 4150 ut
474 4089 568 4172 Ipsius
593 4087 733 4170 Agesilai
757 4089 1026 4151 ratiocinationem
1051 4092 1214 4173 exprimat.
1256 4089 1409 4154 Nimirum
1433 4099 1499 4150 erat
1523 4088 1689 4171 Agesilaus
1716 4090 1851 4176 ἐχθροῖς
1875 4092 2162 4182 θυσεξαπάτρτος,

417 4211 520 4292 φίλοις
544 4210 578 4273 δὲ
601 4206 955 4295 εὐπαραπειστότατος,
988 4210 1062 4291 qula
1090 4211 1166 4287 τούς
1192 4207 1258 4276 υπὸ
1289 4212 1391 4294 (μίλιον
1417 4209 1690 4290 ἐξαπατωμένους
1714 4207 1772 4277 οὔκ
1799 4211 1909 4293 ἔψεγε,
1934 4210 2010 4289 τούς
2033 4215 2070 4280 δὲ
2094 4213 2164 4283 ὑπο

419 4331 579 4409 πολεμίων
603 4327 749 4410 πάμπαν
772 4341 1005 4413 κατεμέμφετο.

1249 4546 1327 4647 II.

573 4748 735 4810 Hactenus
768 4745 831 4809 dixi
868 4746 908 4810 de
939 4760 1144 4832 argumento,
1180 4748 1344 4813 videamus
1367 4771 1452 4815 nunc
1474 4749 1514 4814 de
1538 4750 1651 4815 forma.
1698 4753 1789 4833 Quae
1812 4765 1858 4816 est
1881 4774 1958 4817 sane
1981 4757 2162 4838 singularis.

420 4870 552 4931 Constat
575 4868 659 4929 enim
683 4878 777 4951 caput
799 4865 1004 4930 undecimum
1034 4866 1095 4943 (de
1118 4869 1243 4952 epilogo
1266 4891 1330 4932 uon
1355 4870 1485 4953 loquor)
1514 4893 1554 4933 ex
1584 4873 1708 4954 triginta
1735 4869 1871 4955 periodis
1894 4892 1958 4935 non
1982 4876 2163 4942 coniunctis

416 4989 496 5050 inter
530 5008 563 5049 se
597 4985 638 5051 ad
672 4989 808 5051 maiores
843 4988 1003 5062 circuitus,
1034 4985 1090 5049 sed
1121 4985 1325 5052 adversatiuis
1348 4990 1535 5073 plerumque
1562 4991 1719 5074 particulis
1749 4992 1791 5054 ita
1820 4993 1986 5076 separatis,
2018 5005 2053 5056 ut
2081 5007 2165 5060 tam·

416 5127 513 5191 quam
546 5107 622 5189 legis
649 5108 778 5171 alicuius
806 5108 992 5190 paragraphi
1026 5118 1189 5170 consertae
1222 5110 1290 5171 sint.
1340 5107 1492 5172 Adhibuit
1521 5122 1628 5173 autem
1657 5112 1713 5173 has
1750 5113 1933 5194 particulas:
1963 5112 2007 5177 δέ
2037 5112 2071 5189 11,
2106 5114 2164 5193 VI,

419 5226 501 5301 VIII,
525 5225 578 5295 IX,
603 5224 644 5302 X,
668 5227 724 5298 XI,
748 5224 830 5302 XIII,
853 5223 944 5301 XVI,
968 5223 1055 5303 XIX,
1073 5225 1147 5302 XX,
1171 5224 1261 5303 XXI,
1285 5225 1390 5304 XXII,
1413 5226 1559 5305 XXVIII,
1584 5227 1705 5305 XXIX,
1728 5257 1771 5311 γε
1799 5228 1873 5315 μήν
1896 5229 1947 5307 111,
1972 5230 2046 5308 VII,
2070 5231 2164 5311 XIV,
