<?xml version="1.0" encoding="UTF-8"?>
<!DOCTYPE html PUBLIC "-//W3C//DTD XHTML 1.0 Transitional//EN"
    "http://www.w3.org/TR/xhtml1/DTD/xhtml1-transitional.dtd">
<html xmlns="http://www.w3.org/1999/xhtml" xml:lang="en" lang="en">
 <head>
  <title>
</title>
<meta http-equiv="Content-Type" content="text/html;charset=utf-8" />
  <meta name='ocr-system' content='tesseract 3.04.00' />
  <meta name='ocr-capabilities' content='ocr_page ocr_carea ocr_par ocr_line ocrx_word'/>
</head>
<body>
  <div class='ocr_page' id='page_1' title='image "./dexenophontisag00brungoog_0017.png"; bbox 0 0 4506 6120; ppageno 0'>
   <div class='ocr_carea' id='block_1_1' title="bbox 1262 654 1300 717">
    <p class='ocr_par' dir='ltr' id='par_1_1' title="bbox 1262 654 1300 717">
     <span class='ocr_line' id='line_1_1' title="bbox 1262 654 1300 717; baseline 0 0"><span class='ocrx_word' id='word_1_1' title='bbox 1262 654 1300 717; x_wconf 81' lang='lat'><strong><em>12</em></strong></span> 
     </span>
    </p>
   </div>
   <div class='ocr_carea' id='block_1_2' title="bbox 406 855 2151 1539">
    <p class='ocr_par' dir='ltr' id='par_1_2' title="bbox 406 855 2151 1539">
     <span class='ocr_line' id='line_1_2' title="bbox 561 855 713 920; baseline 0.013 -2"><span class='ocrx_word' id='word_1_2' title='bbox 561 855 713 920; x_wconf 81' lang='lat' dir='ltr'>Conleras</span> 
     </span>
     <span class='ocr_line' id='line_1_3' title="bbox 406 965 2149 1062; baseline 0.003 -25"><span class='ocrx_word' id='word_1_3' title='bbox 406 973 502 1038; x_wconf 90' lang='lat' dir='ltr'>Meno</span> <span class='ocrx_word' id='word_1_4' title='bbox 526 973 591 1039; x_wconf 93' lang='lat' dir='ltr'><strong><em>Vll.</em></strong></span> <span class='ocrx_word' id='word_1_5' title='bbox 617 982 695 1062; x_wconf 87' lang='grc' dir='ltr'><strong><em>παρ’</em></strong></span> <span class='ocrx_word' id='word_1_6' title='bbox 719 976 766 1054; x_wconf 86' lang='grc' dir='ltr'><strong><em>οἶς</em></strong></span> <span class='ocrx_word' id='word_1_7' title='bbox 789 983 851 1058; x_wconf 77' lang='grc' dir='ltr'><strong><em>μὲν</em></strong></span> <span class='ocrx_word' id='word_1_8' title='bbox 872 978 1029 1062; x_wconf 68' lang='grc' dir='ltr'><strong><em>ἐπεχείρει</em></strong></span> <span class='ocrx_word' id='word_1_9' title='bbox 1048 969 1224 1062; x_wconf 67' lang='grc' dir='ltr'><strong><em>πρωτεύειν</em></strong></span> <span class='ocrx_word' id='word_1_10' title='bbox 1327 976 1494 1060; x_wconf 84' lang='lat' dir='ltr'>Agesilaus</span> <span class='ocrx_word' id='word_1_11' title='bbox 1534 973 1620 1038; x_wconf 90' lang='lat' dir='ltr'>XIV.</span> <span class='ocrx_word' id='word_1_12' title='bbox 1665 965 1738 1052; x_wconf 77' lang='grc' dir='ltr'><strong><em>τοδς</em></strong></span> <span class='ocrx_word' id='word_1_13' title='bbox 1780 1004 1817 1058; x_wconf 91' lang='grc' dir='ltr'><strong><em>γε</em></strong></span> <span class='ocrx_word' id='word_1_14' title='bbox 1860 975 1926 1062; x_wconf 74' lang='grc' dir='ltr'><strong><em>μὴν</em></strong></span> <span class='ocrx_word' id='word_1_15' title='bbox 1969 967 2149 1054; x_wconf 75' lang='grc' dir='ltr'><strong><em>διαβόλους</em></strong></span> 
     </span>
     <span class='ocr_line' id='line_1_4' title="bbox 559 1088 2148 1183; baseline -0.001 -24"><span class='ocrx_word' id='word_1_16' title='bbox 559 1098 666 1183; x_wconf 76' lang='grc' dir='ltr'><strong><em>φιλίᾳ,</em></strong></span> <span class='ocrx_word' id='word_1_17' title='bbox 717 1088 911 1173; x_wconf 70' lang='grc' dir='ltr'><em>διαβάλλων</em></span> <span class='ocrx_word' id='word_1_18' title='bbox 961 1093 1034 1172; x_wconf 74' lang='grc' dir='ltr'><strong><em>τούς</em></strong></span> <span class='ocrx_word' id='word_1_19' title='bbox 1079 1096 1222 1181; x_wconf 80' lang='grc' dir='ltr'><strong><em>πρώτους</em></strong></span> <span class='ocrx_word' id='word_1_20' title='bbox 1479 1097 1605 1177; x_wconf 84' lang='grc' dir='ltr'><strong><em>μᾶλλον</em></strong></span> <span class='ocrx_word' id='word_1_21' title='bbox 1627 1091 1647 1178; x_wconf 77' lang='grc' dir='ltr'><strong><em>ἢ</em></strong></span> <span class='ocrx_word' id='word_1_22' title='bbox 1671 1091 1743 1172; x_wconf 73' lang='grc' dir='ltr'><strong><em>τους</em></strong></span> <span class='ocrx_word' id='word_1_23' title='bbox 1760 1097 1901 1172; x_wconf 89' lang='grc' dir='ltr'><strong><em>κλέπτας</em></strong></span> <span class='ocrx_word' id='word_1_24' title='bbox 1917 1094 2028 1177; x_wconf 70' lang='grc' dir='ltr'><strong><em>ἐμίσει,</em></strong></span> <span class='ocrx_word' id='word_1_25' title='bbox 2044 1096 2148 1177; x_wconf 83' lang='grc' dir='ltr'><strong><em>μείζω</em></strong></span> 
     </span>
     <span class='ocr_line' id='line_1_5' title="bbox 559 1203 2151 1304; baseline 0.001 -26"><span class='ocrx_word' id='word_1_26' title='bbox 559 1207 690 1292; x_wconf 77' lang='grc' dir='ltr'><strong><em>τούτους</em></strong></span> <span class='ocrx_word' id='word_1_27' title='bbox 712 1212 791 1304; x_wconf 77' lang='grc' dir='ltr'><strong><em>ᾤετο</em></strong></span> <span class='ocrx_word' id='word_1_28' title='bbox 813 1217 881 1280; x_wconf 83' lang='grc' dir='ltr'><strong><em>δεῖν</em></strong></span> <span class='ocrx_word' id='word_1_29' title='bbox 903 1215 1085 1297; x_wconf 84' lang='grc' dir='ltr'><strong><em>κτήσασθαι</em></strong></span> <span class='ocrx_word' id='word_1_30' title='bbox 1481 1216 1600 1299; x_wconf 79' lang='grc' dir='ltr'>ζημίαν</span> <span class='ocrx_word' id='word_1_31' title='bbox 1622 1203 1796 1298; x_wconf 67' lang='grc' dir='ltr'><strong><em>ἡγούμενος</em></strong></span> <span class='ocrx_word' id='word_1_32' title='bbox 1814 1216 1913 1297; x_wconf 87' lang='grc' dir='ltr'><strong><em>φίλων</em></strong></span> <span class='ocrx_word' id='word_1_33' title='bbox 1934 1209 1955 1299; x_wconf 79' lang='grc' dir='ltr'><em>ἢ</em></span> <span class='ocrx_word' id='word_1_34' title='bbox 1973 1206 2151 1300; x_wconf 74' lang='grc' dir='ltr'><strong><em>χρημάτων</em></strong></span> 
     </span>
     <span class='ocr_line' id='line_1_6' title="bbox 1479 1338 1710 1416; baseline -0.022 -19"><span class='ocrx_word' id='word_1_35' title='bbox 1479 1338 1710 1416; x_wconf 90' lang='grc' dir='ltr'><strong><em>στερίσκεσθαι.</em></strong></span> 
     </span>
     <span class='ocr_line' id='line_1_7' title="bbox 407 1439 2148 1539; baseline 0.001 -26"><span class='ocrx_word' id='word_1_36' title='bbox 407 1451 440 1513; x_wconf 95' lang='lat' dir='ltr'><strong><em>II.</em></strong></span> <span class='ocrx_word' id='word_1_37' title='bbox 464 1451 515 1513; x_wconf 88' lang='lat' dir='ltr'>III.</span> <span class='ocrx_word' id='word_1_38' title='bbox 538 1447 602 1539; x_wconf 66' lang='grc' dir='ltr'><strong><em>ὅτῳ</em></strong></span> <span class='ocrx_word' id='word_1_39' title='bbox 626 1462 707 1534; x_wconf 87' lang='grc' dir='ltr'><strong><em>φαίη</em></strong></span> <span class='ocrx_word' id='word_1_40' title='bbox 730 1455 821 1533; x_wconf 88' lang='grc' dir='ltr'><strong><em>φίλος</em></strong></span> <span class='ocrx_word' id='word_1_41' title='bbox 844 1453 941 1530; x_wconf 80' lang='grc' dir='ltr'><strong><em>εἶναι,</em></strong></span> <span class='ocrx_word' id='word_1_42' title='bbox 966 1450 1068 1539; x_wconf 80' lang='grc' dir='ltr'><strong><em>τούτῳ</em></strong></span> <span class='ocrx_word' id='word_1_43' title='bbox 1092 1453 1224 1539; x_wconf 73' lang='grc' dir='ltr'><strong><em>ἔνδηλος</em></strong></span> <span class='ocrx_word' id='word_1_44' title='bbox 1328 1449 1460 1515; x_wconf 84' lang='lat' dir='ltr'>XXVII.</span> <span class='ocrx_word' id='word_1_45' title='bbox 1484 1448 1653 1512; x_wconf 77' lang='lat' dir='ltr'>XXVIII².</span> <span class='ocrx_word' id='word_1_46' title='bbox 1685 1439 1869 1539; x_wconf 76' lang='grc' dir='ltr'><strong><em>πρᾳότατος</em></strong></span> <span class='ocrx_word' id='word_1_47' title='bbox 1899 1453 1999 1530; x_wconf 86' lang='grc' dir='ltr'><strong><em>φίλοις</em></strong></span> <span class='ocrx_word' id='word_1_48' title='bbox 2025 1448 2072 1517; x_wconf 80' lang='lat' dir='ltr'><strong><em>dv</em></strong></span> <span class='ocrx_word' id='word_1_49' title='bbox 2096 1451 2148 1535; x_wconf 74' lang='grc' dir='ltr'><strong><em>έχ-</em></strong></span> 
     </span>
    </p>
   </div>
   <div class='ocr_carea' id='block_1_3' title="bbox 558 1560 1879 1655">
    <p class='ocr_par' dir='ltr' id='par_1_3' title="bbox 558 1560 1879 1655">
     <span class='ocr_line' id='line_1_8' title="bbox 558 1560 1879 1655; baseline 0.001 -21"><span class='ocrx_word' id='word_1_50' title='bbox 558 1572 701 1651; x_wconf 77' lang='grc' dir='ltr'><strong><em>έγίγνετο</em></strong></span> <span class='ocrx_word' id='word_1_51' title='bbox 725 1568 950 1647; x_wconf 70' lang='grc' dir='ltr'><strong><em>ἐπιβουλεύων</em></strong></span> <span class='ocrx_word' id='word_1_52' title='bbox 1476 1577 1568 1655; x_wconf 85' lang='grc' dir='ltr'><strong><em>θροῑς</em></strong></span> <span class='ocrx_word' id='word_1_53' title='bbox 1591 1567 1816 1653; x_wconf 78' lang='grc' dir='ltr'><strong><em>φοβερώτατος</em></strong></span> <span class='ocrx_word' id='word_1_54' title='bbox 1839 1560 1879 1650; x_wconf 77' lang='grc' dir='ltr'><strong><em>ἦν</em></strong></span> 
     </span>
    </p>
   </div>
   <div class='ocr_carea' id='block_1_4' title="bbox 561 1685 2148 1804">
    <p class='ocr_par' dir='ltr' id='par_1_4' title="bbox 561 1685 2148 1804">
     <span class='ocr_line' id='line_1_9' title="bbox 561 1685 2148 1804; baseline 0.002 -52"><span class='ocrx_word' id='word_1_55' title='bbox 561 1691 715 1804; x_wconf 75' lang='grc' dir='ltr'><strong><em>πρλεμίου</em></strong></span> <span class='ocrx_word' id='word_1_56' title='bbox 739 1687 868 1766; x_wconf 77' lang='grc' dir='ltr'><strong><em>οὐδενὸς</em></strong></span> <span class='ocrx_word' id='word_1_57' title='bbox 894 1692 1063 1770; x_wconf 73' lang='grc' dir='ltr'><strong><em>κατεγέλα,</em></strong></span> <span class='ocrx_word' id='word_1_58' title='bbox 1090 1695 1157 1755; x_wconf 78' lang='grc' dir='ltr'><strong><em>τῶν</em></strong></span> <span class='ocrx_word' id='word_1_59' title='bbox 1186 1690 1223 1756; x_wconf 78' lang='grc' dir='ltr'><strong><em>δὲ</em></strong></span> <span class='ocrx_word' id='word_1_60' title='bbox 1480 1689 1611 1775; x_wconf 76' lang='grc' dir='ltr'><strong><em>ἐχθροῖς</em></strong></span> <span class='ocrx_word' id='word_1_61' title='bbox 1647 1685 1911 1774; x_wconf 78' lang='grc' dir='ltr'><strong><em>δυσεξαπάτητος</em></strong></span> <span class='ocrx_word' id='word_1_62' title='bbox 1952 1692 2057 1771; x_wconf 86' lang='grc' dir='ltr'><strong><em>φίλοις</em></strong></span> <span class='ocrx_word' id='word_1_63' title='bbox 2097 1686 2148 1755; x_wconf 78' lang='grc' dir='ltr'><strong><em>εδ·</em></strong></span> 
     </span>
    </p>
   </div>
   <div class='ocr_carea' id='block_1_5' title="bbox 390 1803 2153 3440">
    <p class='ocr_par' dir='ltr' id='par_1_5' title="bbox 390 1803 2153 3440">
     <span class='ocr_line' id='line_1_10' title="bbox 558 1803 1788 1894; baseline -0.001 -21"><span class='ocrx_word' id='word_1_64' title='bbox 558 1807 721 1873; x_wconf 81' lang='grc' dir='ltr'><strong><em>συνόντων</em></strong></span> <span class='ocrx_word' id='word_1_65' title='bbox 744 1807 882 1874; x_wconf 79' lang='grc' dir='ltr'><strong><em>πάντων</em></strong></span> <span class='ocrx_word' id='word_1_66' title='bbox 898 1805 939 1885; x_wconf 69' lang='grc' dir='ltr'><strong><em>οἷς</em></strong></span> <span class='ocrx_word' id='word_1_67' title='bbox 962 1807 1152 1888; x_wconf 76' lang='grc' dir='ltr'><strong><em>καταγελῶν</em></strong></span> <span class='ocrx_word' id='word_1_68' title='bbox 1173 1803 1225 1872; x_wconf 77' lang='lat' dir='ltr'>uisi</span> <span class='ocrx_word' id='word_1_69' title='bbox 1479 1806 1788 1894; x_wconf 85' lang='grc' dir='ltr'><strong><em>παραπειστότατος</em></strong></span> 
     </span>
     <span class='ocr_line' id='line_1_11' title="bbox 559 1928 718 2007; baseline 0.006 -16"><span class='ocrx_word' id='word_1_70' title='bbox 559 1928 718 2007; x_wconf 72' lang='grc' dir='ltr'><strong><em>διελέγετο</em></strong></span> 
     </span>
     <span class='ocr_line' id='line_1_12' title="bbox 406 2036 2149 2131; baseline 0.001 -23"><span class='ocrx_word' id='word_1_71' title='bbox 406 2044 450 2107; x_wconf 93' lang='lat' dir='ltr'><strong><em>IV</em></strong></span> <span class='ocrx_word' id='word_1_72' title='bbox 453 2061 528 2121; x_wconf 87' lang='grc' dir='ltr'><strong><em>Ιτοῖς</em></strong></span> <span class='ocrx_word' id='word_1_73' title='bbox 538 2046 604 2112; x_wconf 77' lang='grc' dir='ltr'><strong><em>τῶν</em></strong></span> <span class='ocrx_word' id='word_1_74' title='bbox 614 2036 1006 2131; x_wconf 69' lang='grc' dir='ltr'><strong><em>πολεμίωνκτὴμασιυοδκ</em></strong></span> <span class='ocrx_word' id='word_1_75' title='bbox 1016 2044 1223 2129; x_wconf 61' lang='grc' dir='ltr'><strong><em>ἐπεβούλευε,</em></strong></span> <span class='ocrx_word' id='word_1_76' title='bbox 1328 2044 1485 2109; x_wconf 76' lang='lat' dir='ltr'>XXVIIII.</span> <span class='ocrx_word' id='word_1_77' title='bbox 1508 2043 1560 2110; x_wconf 84' lang='grc' dir='ltr'><strong><em>οιέῑ</em></strong></span> <span class='ocrx_word' id='word_1_78' title='bbox 1578 2052 1681 2121; x_wconf 72' lang='grc' dir='ltr'><strong><em>τιθείς</em></strong></span> <span class='ocrx_word' id='word_1_79' title='bbox 1698 2041 1740 2109; x_wconf 75' lang='lat' dir='ltr'>rii</span> <span class='ocrx_word' id='word_1_80' title='bbox 1765 2046 1956 2126; x_wconf 78' lang='grc' dir='ltr'><strong><em>τῶνφίλων</em></strong></span> <span class='ocrx_word' id='word_1_81' title='bbox 1978 2039 2149 2128; x_wconf 76' lang='grc' dir='ltr'><strong><em>α’σφαλοῖς,</em></strong></span> 
     </span>
     <span class='ocr_line' id='line_1_13' title="bbox 558 2160 2065 2254; baseline 0.001 -26"><span class='ocrx_word' id='word_1_82' title='bbox 558 2162 601 2228; x_wconf 79' lang='grc' dir='ltr'><strong><em>τδ</em></strong></span> <span class='ocrx_word' id='word_1_83' title='bbox 626 2164 661 2228; x_wconf 76' lang='grc' dir='ltr'><strong><em>δὲ</em></strong></span> <span class='ocrx_word' id='word_1_84' title='bbox 684 2162 749 2230; x_wconf 83' lang='grc' dir='ltr'><strong><em>των</em></strong></span> <span class='ocrx_word' id='word_1_85' title='bbox 771 2165 873 2244; x_wconf 88' lang='grc' dir='ltr'><strong><em>φίλων</em></strong></span> <span class='ocrx_word' id='word_1_86' title='bbox 894 2164 992 2247; x_wconf 87' lang='grc' dir='ltr'><strong><em>μόνος</em></strong></span> <span class='ocrx_word' id='word_1_87' title='bbox 1010 2162 1088 2254; x_wconf 78' lang='grc' dir='ltr'><strong><em>ᾤετο</em></strong></span> <span class='ocrx_word' id='word_1_88' title='bbox 1105 2167 1226 2232; x_wconf 82' lang='grc' dir='ltr'><strong><em>εἰδέναι</em></strong></span> <span class='ocrx_word' id='word_1_89' title='bbox 1481 2160 1532 2229; x_wconf 77' lang='lat' dir='ltr'>uisi</span> <span class='ocrx_word' id='word_1_90' title='bbox 1555 2161 1727 2251; x_wconf 69' lang='grc' dir='ltr'><strong><em>ἀμαυροῦν</em></strong></span> <span class='ocrx_word' id='word_1_91' title='bbox 1748 2160 1791 2228; x_wconf 77' lang='lat' dir='ltr'><strong><em>wi</em></strong></span> <span class='ocrx_word' id='word_1_92' title='bbox 1814 2168 1878 2229; x_wconf 82' lang='grc' dir='ltr'><strong><em>τῶν</em></strong></span> <span class='ocrx_word' id='word_1_93' title='bbox 1899 2165 2065 2246; x_wconf 88' lang='grc' dir='ltr'><strong><em>πολεμίων</em></strong></span> 
     </span>
     <span class='ocr_line' id='line_1_14' title="bbox 560 2279 2151 2369; baseline 0.001 -22"><span class='ocrx_word' id='word_1_94' title='bbox 560 2281 682 2369; x_wconf 80' lang='grc' dir='ltr'><strong><em>ῥᾷστον</em></strong></span> <span class='ocrx_word' id='word_1_95' title='bbox 704 2279 742 2347; x_wconf 80' lang='grc' dir='ltr'><strong><em>δν</em></strong></span> <span class='ocrx_word' id='word_1_96' title='bbox 764 2280 942 2362; x_wconf 76' lang='grc' dir='ltr'><strong><em>οἶφύλακτα</em></strong></span> <span class='ocrx_word' id='word_1_97' title='bbox 965 2282 1152 2365; x_wconf 81' lang='grc' dir='ltr'><strong><em>λαμβάνειν</em></strong></span> <span class='ocrx_word' id='word_1_98' title='bbox 1483 2280 1550 2345; x_wconf 90' lang='lat' dir='ltr'>XII.</span> <span class='ocrx_word' id='word_1_99' title='bbox 1584 2282 1659 2360; x_wconf 79' lang='grc' dir='ltr'><strong><em>τούς</em></strong></span> <span class='ocrx_word' id='word_1_100' title='bbox 1682 2291 1743 2365; x_wconf 75' lang='grc' dir='ltr'><strong><em>μὲν</em></strong></span> <span class='ocrx_word' id='word_1_101' title='bbox 1765 2281 1829 2349; x_wconf 71' lang='lat' dir='ltr'><strong><em>uni</em></strong></span> <span class='ocrx_word' id='word_1_102' title='bbox 1851 2285 1952 2366; x_wconf 86' lang='grc' dir='ltr'><strong><em>φίλων</em></strong></span> <span class='ocrx_word' id='word_1_103' title='bbox 1974 2282 2151 2359; x_wconf 67' lang='grc' dir='ltr'><strong><em>ἐξαπατω-</em></strong></span> 
     </span>
     <span class='ocr_line' id='line_1_15' title="bbox 1481 2399 2151 2484; baseline 0.003 -18"><span class='ocrx_word' id='word_1_104' title='bbox 1481 2414 1596 2484; x_wconf 88' lang='grc' dir='ltr'><strong><em>μένους</em></strong></span> <span class='ocrx_word' id='word_1_105' title='bbox 1612 2399 1670 2467; x_wconf 75' lang='grc' dir='ltr'><strong><em>οὐκ</em></strong></span> <span class='ocrx_word' id='word_1_106' title='bbox 1691 2401 1800 2482; x_wconf 70' lang='grc' dir='ltr'><strong><em>ἔψεγε,</em></strong></span> <span class='ocrx_word' id='word_1_107' title='bbox 1817 2401 1891 2479; x_wconf 80' lang='grc' dir='ltr'><strong><em>τούς</em></strong></span> <span class='ocrx_word' id='word_1_108' title='bbox 1909 2402 1944 2466; x_wconf 75' lang='grc' dir='ltr'><strong><em>δὲ</em></strong></span> <span class='ocrx_word' id='word_1_109' title='bbox 1965 2400 2031 2468; x_wconf 81' lang='lat' dir='ltr'>rirrri</span> <span class='ocrx_word' id='word_1_110' title='bbox 2052 2405 2151 2468; x_wconf 89' lang='grc' dir='ltr'><strong><em>πολε·</em></strong></span> 
     </span>
     <span class='ocr_line' id='line_1_16' title="bbox 1480 2519 1977 2604; baseline -0.006 -16"><span class='ocrx_word' id='word_1_111' title='bbox 1480 2536 1561 2604; x_wconf 91' lang='grc' dir='ltr'><strong><em>μίων</em></strong></span> <span class='ocrx_word' id='word_1_112' title='bbox 1585 2519 1735 2597; x_wconf 85' lang='grc' dir='ltr'><strong><em>ποῖμπαν</em></strong></span> <span class='ocrx_word' id='word_1_113' title='bbox 1757 2532 1977 2604; x_wconf 86' lang='grc' dir='ltr'><strong><em>κατεμέμφετο</em></strong></span> 
     </span>
     <span class='ocr_line' id='line_1_17' title="bbox 1479 2640 2150 2731; baseline 0.003 -26"><span class='ocrx_word' id='word_1_114' title='bbox 1479 2640 1612 2705; x_wconf 86' lang='lat' dir='ltr'>XXVII.</span> <span class='ocrx_word' id='word_1_115' title='bbox 1650 2641 1891 2717; x_wconf 66' lang='grc' dir='ltr'><strong><em>ἐκαλλωπίζετο</em></strong></span> <span class='ocrx_word' id='word_1_116' title='bbox 1926 2645 1971 2731; x_wconf 78' lang='grc' dir='ltr'><strong><em>τῷ</em></strong></span> <span class='ocrx_word' id='word_1_117' title='bbox 2001 2689 2007 2701; x_wconf 85' lang='grc'><strong>.</strong></span> <span class='ocrx_word' id='word_1_118' title='bbox 2034 2694 2039 2704; x_wconf 96' lang='grc'>.</span> <span class='ocrx_word' id='word_1_119' title='bbox 2070 2642 2150 2719; x_wconf 78' lang='grc' dir='ltr'><strong><em>τοδς</em></strong></span> 
     </span>
     <span class='ocr_line' id='line_1_18' title="bbox 1478 2755 1976 2844; baseline 0 -20"><span class='ocrx_word' id='word_1_120' title='bbox 1478 2763 1590 2844; x_wconf 88' lang='grc' dir='ltr'><strong><em>φίλους</em></strong></span> <span class='ocrx_word' id='word_1_121' title='bbox 1613 2758 1656 2837; x_wconf 71' lang='grc' dir='ltr'><strong><em>οἷς</em></strong></span> <span class='ocrx_word' id='word_1_122' title='bbox 1679 2763 1814 2825; x_wconf 81' lang='grc' dir='ltr'><strong><em>πλεῖστα</em></strong></span> <span class='ocrx_word' id='word_1_123' title='bbox 1838 2755 1976 2842; x_wconf 74' lang='grc' dir='ltr'><strong><em>ὠφελεῖν</em></strong></span> 
     </span>
     <span class='ocr_line' id='line_1_19' title="bbox 407 2870 2150 2963; baseline 0.004 -26"><span class='ocrx_word' id='word_1_124' title='bbox 407 2871 502 2956; x_wconf 62' lang='lat' dir='ltr'><strong><em>§u</em></strong></span> <span class='ocrx_word' id='word_1_125' title='bbox 540 2878 628 2958; x_wconf 90' lang='grc' dir='ltr'><strong><em>φίλος</em></strong></span> <span class='ocrx_word' id='word_1_126' title='bbox 665 2875 817 2953; x_wconf 68' lang='grc' dir='ltr'><strong><em>ἐβούλετο</em></strong></span> <span class='ocrx_word' id='word_1_127' title='bbox 854 2879 940 2941; x_wconf 81' lang='grc' dir='ltr'><strong><em>εἶναι</em></strong></span> <span class='ocrx_word' id='word_1_128' title='bbox 973 2891 1039 2954; x_wconf 81' lang='grc' dir='ltr'><strong><em>τοῖς</em></strong></span> <span class='ocrx_word' id='word_1_129' title='bbox 1072 2888 1222 2960; x_wconf 89' lang='grc' dir='ltr'><strong><em>μέγιστον</em></strong></span> <span class='ocrx_word' id='word_1_130' title='bbox 1326 2879 1393 2943; x_wconf 92' lang='lat' dir='ltr'><strong><em>Vll.</em></strong></span> <span class='ocrx_word' id='word_1_131' title='bbox 1417 2884 1521 2963; x_wconf 89' lang='grc' dir='ltr'><strong><em>φίλων</em></strong></span> <span class='ocrx_word' id='word_1_132' title='bbox 1544 2877 1581 2946; x_wconf 81' lang='grc' dir='ltr'><strong><em>οδ</em></strong></span> <span class='ocrx_word' id='word_1_133' title='bbox 1604 2876 1676 2957; x_wconf 80' lang='grc' dir='ltr'><strong><em>τούς</em></strong></span> <span class='ocrx_word' id='word_1_134' title='bbox 1694 2870 1948 2960; x_wconf 76' lang='grc' dir='ltr'><strong><em>δυνατωτάτους,</em></strong></span> <span class='ocrx_word' id='word_1_135' title='bbox 1965 2877 2049 2944; x_wconf 77' lang='grc' dir='ltr'><strong><em>οἷλλολ</em></strong></span> <span class='ocrx_word' id='word_1_136' title='bbox 2068 2879 2150 2957; x_wconf 75' lang='grc' dir='ltr'><strong><em>τούς</em></strong></span> 
     </span>
     <span class='ocr_line' id='line_1_20' title="bbox 559 2989 2106 3083; baseline 0.003 -25"><span class='ocrx_word' id='word_1_137' title='bbox 559 2995 750 3074; x_wconf 87' lang='grc' dir='ltr'><strong><em>δυναμένοις</em></strong></span> <span class='ocrx_word' id='word_1_138' title='bbox 1478 2989 1747 3083; x_wconf 66' lang='grc' dir='ltr'><strong><em>προθυμοτάτους</em></strong></span> <span class='ocrx_word' id='word_1_139' title='bbox 1769 2996 1913 3080; x_wconf 77' lang='grc' dir='ltr'><strong><em>μάλιστα</em></strong></span> <span class='ocrx_word' id='word_1_140' title='bbox 1936 2995 2106 3082; x_wconf 78' lang='grc' dir='ltr'><strong><em>ἠσπάζετο</em></strong></span> 
     </span>
     <span class='ocr_line' id='line_1_21' title="bbox 560 3109 2053 3203; baseline 0.003 -28"><span class='ocrx_word' id='word_1_141' title='bbox 560 3111 600 3174; x_wconf 89' lang='lat' dir='ltr'><strong><em>V.</em></strong></span> <span class='ocrx_word' id='word_1_142' title='bbox 624 3126 689 3187; x_wconf 75' lang='grc' dir='ltr'><strong><em>τοῖς</em></strong></span> <span class='ocrx_word' id='word_1_143' title='bbox 705 3109 800 3189; x_wconf 78' lang='grc' dir='ltr'><strong><em>δσίοις</em></strong></span> <span class='ocrx_word' id='word_1_144' title='bbox 815 3125 871 3178; x_wconf 79' lang='grc' dir='ltr'><strong><em>καῖ</em></strong></span> <span class='ocrx_word' id='word_1_145' title='bbox 887 3111 1056 3197; x_wconf 70' lang='grc' dir='ltr'><strong><em>ἀλήθειαν</em></strong></span> <span class='ocrx_word' id='word_1_146' title='bbox 1070 3112 1222 3183; x_wconf 84' lang='grc' dir='ltr'><strong><em>οἷσκοῦσιν</em></strong></span> <span class='ocrx_word' id='word_1_147' title='bbox 1480 3115 1509 3179; x_wconf 88' lang='grc' dir='ltr'>Χ</span> <span class='ocrx_word' id='word_1_148' title='bbox 1543 3112 1632 3202; x_wconf 73' lang='grc' dir='ltr'><strong><em>ἤσκει</em></strong></span> <span class='ocrx_word' id='word_1_149' title='bbox 1656 3117 1796 3203; x_wconf 80' lang='grc' dir='ltr'><strong><em>χρῆσθαι</em></strong></span> <span class='ocrx_word' id='word_1_150' title='bbox 1819 3134 1883 3195; x_wconf 77' lang='grc' dir='ltr'><strong><em>τοῖς</em></strong></span> <span class='ocrx_word' id='word_1_151' title='bbox 1906 3114 2053 3198; x_wconf 76' lang='grc' dir='ltr'><strong><em>α’γαθοῐς</em></strong></span> 
     </span>
     <span class='ocr_line' id='line_1_22' title="bbox 559 3228 1146 3321; baseline 0.003 -25"><span class='ocrx_word' id='word_1_152' title='bbox 559 3228 600 3307; x_wconf 68' lang='grc' dir='ltr'><strong><em>οἷς</em></strong></span> <span class='ocrx_word' id='word_1_153' title='bbox 624 3229 800 3318; x_wconf 80' lang='grc' dir='ltr'><strong><em>οἶνοῖνδροις</em></strong></span> <span class='ocrx_word' id='word_1_154' title='bbox 822 3234 977 3317; x_wconf 76' lang='grc' dir='ltr'><strong><em>ε’πειρᾶτο</em></strong></span> <span class='ocrx_word' id='word_1_155' title='bbox 1000 3239 1146 3321; x_wconf 85' lang='grc' dir='ltr'><strong><em>χρῆσθαι</em></strong></span> 
     </span>
     <span class='ocr_line' id='line_1_23' title="bbox 390 3340 2153 3440; baseline 0.006 -30"><span class='ocrx_word' id='word_1_156' title='bbox 390 3348 460 3411; x_wconf 91' lang='lat' dir='ltr'><strong><em>.Vl.</em></strong></span> <span class='ocrx_word' id='word_1_157' title='bbox 485 3340 744 3440; x_wconf 75' lang='grc' dir='ltr'><strong><em>ἠγάλλετο..τῷ</em></strong></span> <span class='ocrx_word' id='word_1_158' title='bbox 767 3354 875 3435; x_wconf 84' lang='grc' dir='ltr'><strong><em>φίλους</em></strong></span> <span class='ocrx_word' id='word_1_159' title='bbox 899 3353 1057 3433; x_wconf 78' lang='grc' dir='ltr'><strong><em>διαγελᾶν</em></strong></span> <span class='ocrx_word' id='word_1_160' title='bbox 1327 3352 1461 3417; x_wconf 84' lang='lat' dir='ltr'>XXVII.</span> <span class='ocrx_word' id='word_1_161' title='bbox 1499 3355 1740 3428; x_wconf 70' lang='grc' dir='ltr'><strong><em>ἐκαλλωπίζετο</em></strong></span> <span class='ocrx_word' id='word_1_162' title='bbox 1768 3402 1775 3415; x_wconf 89' lang='grc'><strong>.</strong></span> <span class='ocrx_word' id='word_1_163' title='bbox 1804 3401 1811 3414; x_wconf 90' lang='grc'><strong><em>.</em></strong></span> <span class='ocrx_word' id='word_1_164' title='bbox 1842 3358 1888 3418; x_wconf 81' lang='grc' dir='ltr'><strong><em>τῶ</em></strong></span> <span class='ocrx_word' id='word_1_165' title='bbox 1924 3350 2000 3430; x_wconf 81' lang='grc' dir='ltr'><strong><em>τοδς</em></strong></span> <span class='ocrx_word' id='word_1_166' title='bbox 2037 3356 2153 3437; x_wconf 89' lang='grc' dir='ltr'><strong><em>φίλους</em></strong></span> 
     </span>
    </p>
   </div>
   <div class='ocr_carea' id='block_1_6' title="bbox 1479 3470 1775 3555">
    <p class='ocr_par' dir='ltr' id='par_1_6' title="bbox 1479 3470 1775 3555">
     <span class='ocr_line' id='line_1_24' title="bbox 1479 3470 1775 3555; baseline -0.003 -17"><span class='ocrx_word' id='word_1_167' title='bbox 1479 3476 1617 3538; x_wconf 74' lang='grc' dir='ltr'><strong><em>πλεῖστα</em></strong></span> <span class='ocrx_word' id='word_1_168' title='bbox 1641 3470 1775 3555; x_wconf 73' lang='grc' dir='ltr'><strong><em>ω’φελεῖν</em></strong></span> 
     </span>
    </p>
   </div>
   <div class='ocr_carea' id='block_1_7' title="bbox 342 3604 2154 3928">
    <p class='ocr_par' dir='ltr' id='par_1_7' title="bbox 342 3604 2154 3928">
     <span class='ocr_line' id='line_1_25' title="bbox 562 3604 2154 3692; baseline 0.003 -24"><span class='ocrx_word' id='word_1_169' title='bbox 562 3604 633 3668; x_wconf 89' lang='lat' dir='ltr'><strong><em>Non</em></strong></span> <span class='ocrx_word' id='word_1_170' title='bbox 657 3605 782 3670; x_wconf 77' lang='lat' dir='ltr'>difficile</span> <span class='ocrx_word' id='word_1_171' title='bbox 805 3618 852 3670; x_wconf 91' lang='lat' dir='ltr'><strong><em>est</em></strong></span> <span class='ocrx_word' id='word_1_172' title='bbox 875 3609 966 3692; x_wconf 89' lang='lat' dir='ltr'>plura</span> <span class='ocrx_word' id='word_1_173' title='bbox 983 3606 1109 3671; x_wconf 85' lang='lat' dir='ltr'>addere.</span> <span class='ocrx_word' id='word_1_174' title='bbox 1146 3606 1207 3670; x_wconf 89' lang='lat' dir='ltr'><strong><em>Sed</em></strong></span> <span class='ocrx_word' id='word_1_175' title='bbox 1224 3607 1379 3671; x_wconf 82' lang='lat' dir='ltr'>sufficiant</span> <span class='ocrx_word' id='word_1_176' title='bbox 1395 3609 1481 3670; x_wconf 89' lang='lat' dir='ltr'>haec.</span> <span class='ocrx_word' id='word_1_177' title='bbox 1518 3605 1599 3670; x_wconf 91' lang='lat' dir='ltr'>Nam</span> <span class='ocrx_word' id='word_1_178' title='bbox 1616 3609 1677 3670; x_wconf 93' lang='lat' dir='ltr'><strong><em>hoc</em></strong></span> <span class='ocrx_word' id='word_1_179' title='bbox 1693 3608 1769 3668; x_wconf 92' lang='lat' dir='ltr'>mihi</span> <span class='ocrx_word' id='word_1_180' title='bbox 1785 3604 1895 3669; x_wconf 85' lang='lat' dir='ltr'>videor</span> <span class='ocrx_word' id='word_1_181' title='bbox 1911 3604 2154 3672; x_wconf 85' lang='lat' dir='ltr'>demonstrasse</span> 
     </span>
     <span class='ocr_line' id='line_1_26' title="bbox 410 3722 2154 3810; baseline 0.005 -27"><span class='ocrx_word' id='word_1_182' title='bbox 410 3722 551 3805; x_wconf 85' lang='lat' dir='ltr'>Agesilai</span> <span class='ocrx_word' id='word_1_183' title='bbox 583 3735 678 3806; x_wconf 89' lang='lat' dir='ltr'>caput</span> <span class='ocrx_word' id='word_1_184' title='bbox 707 3723 911 3788; x_wconf 90' lang='lat' dir='ltr'>undecimum</span> <span class='ocrx_word' id='word_1_185' title='bbox 936 3725 1017 3789; x_wconf 86' lang='lat' dir='ltr'>adeo</span> <span class='ocrx_word' id='word_1_186' title='bbox 1041 3747 1110 3790; x_wconf 92' lang='lat' dir='ltr'>esse</span> <span class='ocrx_word' id='word_1_187' title='bbox 1144 3740 1175 3790; x_wconf 91' lang='lat' dir='ltr'><strong><em>et</em></strong></span> <span class='ocrx_word' id='word_1_188' title='bbox 1211 3739 1399 3810; x_wconf 88' lang='lat' dir='ltr'>argumento</span> <span class='ocrx_word' id='word_1_189' title='bbox 1431 3737 1462 3789; x_wconf 90' lang='lat' dir='ltr'><strong><em>et</em></strong></span> <span class='ocrx_word' id='word_1_190' title='bbox 1491 3726 1594 3789; x_wconf 79' lang='lat' dir='ltr'>forma</span> <span class='ocrx_word' id='word_1_191' title='bbox 1624 3727 1906 3809; x_wconf 71' lang='lat' dir='ltr'>Xenophontem,</span> <span class='ocrx_word' id='word_1_192' title='bbox 1936 3736 1970 3788; x_wconf 92' lang='lat' dir='ltr'>ut</span> <span class='ocrx_word' id='word_1_193' title='bbox 1999 3728 2025 3789; x_wconf 93' lang='lat' dir='ltr'><strong><em>si</em></strong></span> <span class='ocrx_word' id='word_1_194' title='bbox 2055 3727 2154 3792; x_wconf 89' lang='lat' dir='ltr'>tradi·</span> 
     </span>
     <span class='ocr_line' id='line_1_27' title="bbox 342 3844 1753 3928; baseline 0.002 -27"><span class='ocrx_word' id='word_1_195' title='bbox 342 3869 345 3894; x_wconf 67' lang='grc' dir='ltr'><strong><em>ι</em></strong></span> <span class='ocrx_word' id='word_1_196' title='bbox 411 3850 477 3902; x_wconf 89' lang='lat' dir='ltr'>tum</span> <span class='ocrx_word' id='word_1_197' title='bbox 502 3852 584 3903; x_wconf 90' lang='lat' dir='ltr'>esset</span> <span class='ocrx_word' id='word_1_198' title='bbox 607 3862 814 3925; x_wconf 85' lang='lat' dir='ltr'>anonymum,</span> <span class='ocrx_word' id='word_1_199' title='bbox 839 3844 1062 3928; x_wconf 84' lang='lat' dir='ltr'>Xenophontis</span> <span class='ocrx_word' id='word_1_200' title='bbox 1084 3848 1112 3907; x_wconf 88' lang='lat' dir='ltr'><strong><em>ei</em></strong></span> <span class='ocrx_word' id='word_1_201' title='bbox 1135 3867 1254 3909; x_wconf 90' lang='lat' dir='ltr'>nomen</span> <span class='ocrx_word' id='word_1_202' title='bbox 1278 3847 1445 3909; x_wconf 87' lang='lat' dir='ltr'>inscribere</span> <span class='ocrx_word' id='word_1_203' title='bbox 1468 3846 1533 3907; x_wconf 83' lang='lat' dir='ltr'>iere</span> <span class='ocrx_word' id='word_1_204' title='bbox 1556 3864 1753 3923; x_wconf 72' lang='lat' dir='ltr'>cogeremur.</span> 
     </span>
    </p>
   </div>
   <div class='ocr_carea' id='block_1_8' title="bbox 409 4299 2154 5224">
    <p class='ocr_par' dir='ltr' id='par_1_8' title="bbox 409 4299 2154 4742">
     <span class='ocr_line' id='line_1_28' title="bbox 559 4299 2152 4388; baseline 0.005 -27"><span class='ocrx_word' id='word_1_205' title='bbox 559 4299 625 4362; x_wconf 85' lang='lat' dir='ltr'><strong><em>Sed</em></strong></span> <span class='ocrx_word' id='word_1_206' title='bbox 648 4303 706 4364; x_wconf 90' lang='lat' dir='ltr'>etsi</span> <span class='ocrx_word' id='word_1_207' title='bbox 730 4313 851 4371; x_wconf 89' lang='lat' dir='ltr'>certum</span> <span class='ocrx_word' id='word_1_208' title='bbox 882 4313 929 4366; x_wconf 87' lang='lat' dir='ltr'><strong><em>est</em></strong></span> <span class='ocrx_word' id='word_1_209' title='bbox 958 4305 1116 4388; x_wconf 86' lang='lat' dir='ltr'>scripsisse</span> <span class='ocrx_word' id='word_1_210' title='bbox 1143 4305 1223 4367; x_wconf 85' lang='lat' dir='ltr'>haec</span> <span class='ocrx_word' id='word_1_211' title='bbox 1245 4302 1505 4387; x_wconf 87' lang='lat' dir='ltr'>Xenophontem,</span> <span class='ocrx_word' id='word_1_212' title='bbox 1528 4325 1593 4366; x_wconf 89' lang='lat' dir='ltr'><strong><em>non</em></strong></span> <span class='ocrx_word' id='word_1_213' title='bbox 1616 4306 1756 4387; x_wconf 88' lang='lat' dir='ltr'>sequitur</span> <span class='ocrx_word' id='word_1_214' title='bbox 1782 4324 1856 4365; x_wconf 89' lang='lat' dir='ltr'><strong><em>eum</em></strong></span> <span class='ocrx_word' id='word_1_215' title='bbox 1880 4305 2017 4387; x_wconf 91' lang='lat' dir='ltr'>primurn</span> <span class='ocrx_word' id='word_1_216' title='bbox 2045 4316 2152 4369; x_wconf 86' lang='lat' dir='ltr'>artem</span> 
     </span>
     <span class='ocr_line' id='line_1_29' title="bbox 410 4421 2154 4507; baseline 0.005 -27"><span class='ocrx_word' id='word_1_217' title='bbox 410 4421 576 4497; x_wconf 89' lang='lat' dir='ltr'>invenisse,</span> <span class='ocrx_word' id='word_1_218' title='bbox 600 4441 664 4502; x_wconf 87' lang='lat' dir='ltr'><strong><em>qua</em></strong></span> <span class='ocrx_word' id='word_1_219' title='bbox 686 4423 725 4482; x_wconf 92' lang='lat' dir='ltr'><strong><em>ibi</em></strong></span> <span class='ocrx_word' id='word_1_220' title='bbox 748 4443 823 4485; x_wconf 88' lang='lat' dir='ltr'>usus</span> <span class='ocrx_word' id='word_1_221' title='bbox 846 4435 902 4486; x_wconf 88' lang='lat' dir='ltr'>est.</span> <span class='ocrx_word' id='word_1_222' title='bbox 941 4423 1049 4507; x_wconf 83' lang='lat' dir='ltr'>Atque</span> <span class='ocrx_word' id='word_1_223' title='bbox 1073 4426 1136 4486; x_wconf 93' lang='lat' dir='ltr'>iam</span> <span class='ocrx_word' id='word_1_224' title='bbox 1160 4421 1280 4507; x_wconf 90' lang='lat' dir='ltr'>pridem</span> <span class='ocrx_word' id='word_1_225' title='bbox 1304 4432 1351 4485; x_wconf 89' lang='lat' dir='ltr'><strong><em>est</em></strong></span> <span class='ocrx_word' id='word_1_226' title='bbox 1374 4424 1577 4486; x_wconf 85' lang='lat' dir='ltr'>observatum</span> <span class='ocrx_word' id='word_1_227' title='bbox 1600 4423 1849 4506; x_wconf 91' lang='lat' dir='ltr'>Xenophontem</span> <span class='ocrx_word' id='word_1_228' title='bbox 1871 4423 2058 4506; x_wconf 78' lang='lat' dir='ltr'>Agesilaum</span> <span class='ocrx_word' id='word_1_229' title='bbox 2086 4426 2154 4488; x_wconf 89' lang='lat' dir='ltr'>lau·</span> 
     </span>
     <span class='ocr_line' id='line_1_30' title="bbox 409 4534 2153 4626; baseline 0.005 -28"><span class='ocrx_word' id='word_1_230' title='bbox 409 4534 539 4599; x_wconf 87' lang='lat' dir='ltr'>dantem</span> <span class='ocrx_word' id='word_1_231' title='bbox 563 4540 694 4615; x_wconf 84' lang='lat' dir='ltr'>vestigia</span> <span class='ocrx_word' id='word_1_232' title='bbox 710 4543 859 4622; x_wconf 87' lang='lat' dir='ltr'>pressisse</span> <span class='ocrx_word' id='word_1_233' title='bbox 875 4542 1087 4617; x_wconf 89' lang='lat' dir='ltr'>Isocratis,</span> <span class='ocrx_word' id='word_1_234' title='bbox 1111 4544 1185 4626; x_wconf 90' lang='lat' dir='ltr'>quia</span> <span class='ocrx_word' id='word_1_235' title='bbox 1200 4543 1250 4605; x_wconf 92' lang='lat' dir='ltr'><strong><em>hic</em></strong></span> <span class='ocrx_word' id='word_1_236' title='bbox 1265 4563 1299 4605; x_wconf 92' lang='lat' dir='ltr'><strong><em>se</em></strong></span> <span class='ocrx_word' id='word_1_237' title='bbox 1314 4543 1450 4625; x_wconf 92' lang='lat' dir='ltr'>primum</span> <span class='ocrx_word' id='word_1_238' title='bbox 1468 4538 1507 4603; x_wconf 95' lang='lat' dir='ltr'><strong><em>de</em></strong></span> <span class='ocrx_word' id='word_1_239' title='bbox 1523 4544 1569 4604; x_wconf 93' lang='lat' dir='ltr'><strong><em>sui</em></strong></span> <span class='ocrx_word' id='word_1_240' title='bbox 1585 4543 1736 4625; x_wconf 89' lang='lat' dir='ltr'>temporis</span> <span class='ocrx_word' id='word_1_241' title='bbox 1752 4542 1932 4604; x_wconf 79' lang='lat' dir='ltr'>homiuibus</span> <span class='ocrx_word' id='word_1_242' title='bbox 1947 4539 2153 4607; x_wconf 87' lang='lat' dir='ltr'>laudationes</span> 
     </span>
     <span class='ocr_line' id='line_1_31' title="bbox 410 4657 1175 4742; baseline 0.007 -24"><span class='ocrx_word' id='word_1_243' title='bbox 410 4658 568 4740; x_wconf 91' lang='lat' dir='ltr'>scripsisse</span> <span class='ocrx_word' id='word_1_244' title='bbox 590 4657 749 4740; x_wconf 78' lang='lat' dir='ltr'>professus</span> <span class='ocrx_word' id='word_1_245' title='bbox 770 4671 818 4722; x_wconf 90' lang='lat' dir='ltr'><strong><em>est</em></strong></span> <span class='ocrx_word' id='word_1_246' title='bbox 841 4661 870 4721; x_wconf 91' lang='lat' dir='ltr'><strong><em>in</em></strong></span> <span class='ocrx_word' id='word_1_247' title='bbox 895 4660 1045 4742; x_wconf 84' lang='lat' dir='ltr'>Euagora</span> <span class='ocrx_word' id='word_1_248' title='bbox 1067 4661 1098 4739; x_wconf 64' lang='grc' dir='ltr'><strong><em>(ξ</em></strong></span> <span class='ocrx_word' id='word_1_249' title='bbox 1120 4661 1175 4741; x_wconf 67' lang='lat' dir='ltr'><strong><em>dl}</em></strong></span> 
     </span>
    </p>

    <p class='ocr_par' dir='ltr' id='par_1_9' title="bbox 562 4774 1903 4860">
     <span class='ocr_line' id='line_1_32' title="bbox 562 4774 1903 4860; baseline 0.002 -24"><span class='ocrx_word' id='word_1_250' title='bbox 562 4775 671 4858; x_wconf 89' lang='lat' dir='ltr'>Atque</span> <span class='ocrx_word' id='word_1_251' title='bbox 695 4777 807 4839; x_wconf 87' lang='lat' dir='ltr'>imitari</span> <span class='ocrx_word' id='word_1_252' title='bbox 831 4775 1082 4860; x_wconf 91' lang='lat' dir='ltr'>Xenophontem</span> <span class='ocrx_word' id='word_1_253' title='bbox 1107 4777 1275 4840; x_wconf 89' lang='lat' dir='ltr'>Isocratem</span> <span class='ocrx_word' id='word_1_254' title='bbox 1299 4788 1430 4839; x_wconf 88' lang='lat' dir='ltr'>testatur</span> <span class='ocrx_word' id='word_1_255' title='bbox 1452 4779 1547 4839; x_wconf 89' lang='lat' dir='ltr'>etiam</span> <span class='ocrx_word' id='word_1_256' title='bbox 1572 4788 1665 4860; x_wconf 88' lang='lat' dir='ltr'>caput</span> <span class='ocrx_word' id='word_1_257' title='bbox 1688 4774 1903 4840; x_wconf 89' lang='lat' dir='ltr'>undecimum.</span> 
     </span>
    </p>

    <p class='ocr_par' dir='ltr' id='par_1_10' title="bbox 411 4892 2152 5099">
     <span class='ocr_line' id='line_1_33' title="bbox 559 4892 2152 4984; baseline 0.004 -27"><span class='ocrx_word' id='word_1_258' title='bbox 559 4892 656 4975; x_wconf 82' lang='lat' dir='ltr'>Quod</span> <span class='ocrx_word' id='word_1_259' title='bbox 687 4906 721 4957; x_wconf 90' lang='lat' dir='ltr'>ut</span> <span class='ocrx_word' id='word_1_260' title='bbox 751 4896 863 4958; x_wconf 90' lang='lat' dir='ltr'>clarius</span> <span class='ocrx_word' id='word_1_261' title='bbox 893 4905 1043 4978; x_wconf 89' lang='lat' dir='ltr'>patescat,</span> <span class='ocrx_word' id='word_1_262' title='bbox 1067 4896 1242 4959; x_wconf 86' lang='lat' dir='ltr'>exscribam</span> <span class='ocrx_word' id='word_1_263' title='bbox 1266 4917 1306 4958; x_wconf 88' lang='lat' dir='ltr'><strong><em>ex</em></strong></span> <span class='ocrx_word' id='word_1_264' title='bbox 1330 4896 1521 4978; x_wconf 88' lang='lat' dir='ltr'>Euagora</span> <span class='ocrx_word' id='word_1_265' title='bbox 1545 4897 1685 4959; x_wconf 87' lang='lat' dir='ltr'>isocratis</span> <span class='ocrx_word' id='word_1_266' title='bbox 1709 4895 1731 4978; x_wconf 70' lang='grc' dir='ltr'>ξ</span> <span class='ocrx_word' id='word_1_267' title='bbox 1754 4898 1891 4975; x_wconf 82' lang='lat'><strong>43—46,</strong></span> <span class='ocrx_word' id='word_1_268' title='bbox 1925 4899 1978 4960; x_wconf 92' lang='lat' dir='ltr'>ubi</span> <span class='ocrx_word' id='word_1_269' title='bbox 2000 4895 2041 4961; x_wconf 93' lang='lat' dir='ltr'><strong><em>de</em></strong></span> <span class='ocrx_word' id='word_1_270' title='bbox 2065 4903 2152 4984; x_wconf 87' lang='lat' dir='ltr'>regis</span> 
     </span>
     <span class='ocr_line' id='line_1_34' title="bbox 411 5011 1137 5099; baseline 0.003 -25"><span class='ocrx_word' id='word_1_271' title='bbox 411 5011 515 5096; x_wconf 87' lang='lat' dir='ltr'>Cyprii</span> <span class='ocrx_word' id='word_1_272' title='bbox 538 5016 678 5078; x_wconf 92' lang='lat' dir='ltr'>moribus</span> <span class='ocrx_word' id='word_1_273' title='bbox 701 5016 731 5077; x_wconf 93' lang='lat' dir='ltr'><strong><em>in</em></strong></span> <span class='ocrx_word' id='word_1_274' title='bbox 755 5016 938 5077; x_wconf 91' lang='lat' dir='ltr'>universum</span> <span class='ocrx_word' id='word_1_275' title='bbox 962 5012 1137 5099; x_wconf 85' lang='lat' dir='ltr'>disputatur</span> 
     </span>
    </p>

    <p class='ocr_par' dir='ltr' id='par_1_11' title="bbox 761 5127 2152 5224">
     <span class='ocr_line' id='line_1_35' title="bbox 761 5127 2152 5224; baseline 0.006 -28"><span class='ocrx_word' id='word_1_276' title='bbox 761 5134 795 5196; x_wconf 78' lang='grc' dir='ltr'><strong><em>Ιι</em></strong></span> <span class='ocrx_word' id='word_1_277' title='bbox 831 5131 971 5201; x_wconf 75' lang='grc' dir='ltr'><strong><em>ἅπαντα</em></strong></span> <span class='ocrx_word' id='word_1_278' title='bbox 1009 5135 1073 5218; x_wconf 78' lang='grc' dir='ltr'><strong><em>γολρ</em></strong></span> <span class='ocrx_word' id='word_1_279' title='bbox 1104 5132 1161 5201; x_wconf 71' lang='lat' dir='ltr'>riv</span> <span class='ocrx_word' id='word_1_280' title='bbox 1193 5127 1307 5224; x_wconf 76' lang='grc' dir='ltr'><strong><em>χρόνον</em></strong></span> <span class='ocrx_word' id='word_1_281' title='bbox 1347 5135 1523 5202; x_wconf 85' lang='grc' dir='ltr'><strong><em>διετέλεσεν</em></strong></span> <span class='ocrx_word' id='word_1_282' title='bbox 1563 5133 1681 5202; x_wconf 81' lang='grc' dir='ltr'><strong><em>οὐδένα</em></strong></span> <span class='ocrx_word' id='word_1_283' title='bbox 1721 5143 1783 5219; x_wconf 71' lang='grc' dir='ltr'><strong><em>μέν</em></strong></span> <span class='ocrx_word' id='word_1_284' title='bbox 1824 5134 1957 5217; x_wconf 73' lang='grc' dir='ltr'><strong><em>οἷδικοῖν,</em></strong></span> <span class='ocrx_word' id='word_1_285' title='bbox 1992 5137 2069 5216; x_wconf 79' lang='grc' dir='ltr'><strong><em>τούς</em></strong></span> <span class='ocrx_word' id='word_1_286' title='bbox 2112 5141 2152 5205; x_wconf 74' lang='grc' dir='ltr'><strong><em>δὲ</em></strong></span> 
     </span>
    </p>
   </div>
   <div class='ocr_carea' id='block_1_9' title="bbox 661 5247 2151 5354">
    <p class='ocr_par' dir='ltr' id='par_1_12' title="bbox 661 5247 2151 5354">
     <span class='ocr_line' id='line_1_36' title="bbox 661 5247 2151 5354; baseline 0.003 -34"><span class='ocrx_word' id='word_1_287' title='bbox 661 5250 811 5340; x_wconf 83' lang='grc' dir='ltr'><strong><em>χρηστοδς</em></strong></span> <span class='ocrx_word' id='word_1_288' title='bbox 832 5259 937 5336; x_wconf 78' lang='grc' dir='ltr'><strong><em>τιμῶν</em></strong></span> <span class='ocrx_word' id='word_1_289' title='bbox 952 5253 1006 5335; x_wconf 79' lang='lat'><strong><em>(1²)</em></strong></span> <span class='ocrx_word' id='word_1_290' title='bbox 1028 5265 1083 5320; x_wconf 80' lang='grc' dir='ltr'><strong><em>καὶ</em></strong></span> <span class='ocrx_word' id='word_1_291' title='bbox 1100 5247 1223 5344; x_wconf 79' lang='grc' dir='ltr'><strong><em>σφόδρα</em></strong></span> <span class='ocrx_word' id='word_1_292' title='bbox 1246 5263 1306 5337; x_wconf 73' lang='grc' dir='ltr'><strong><em>μὲν</em></strong></span> <span class='ocrx_word' id='word_1_293' title='bbox 1328 5252 1490 5321; x_wconf 71' lang='grc' dir='ltr'><strong><em>ἁπάντων</em></strong></span> <span class='ocrx_word' id='word_1_294' title='bbox 1512 5251 1631 5341; x_wconf 75' lang='grc' dir='ltr'><strong><em>ἅρχων,</em></strong></span> <span class='ocrx_word' id='word_1_295' title='bbox 1662 5268 1801 5338; x_wconf 87' lang='grc' dir='ltr'><strong><em>νομίμοις</em></strong></span> <span class='ocrx_word' id='word_1_296' title='bbox 1832 5257 1869 5321; x_wconf 79' lang='grc' dir='ltr'><strong><em>δὲ</em></strong></span> <span class='ocrx_word' id='word_1_297' title='bbox 1899 5256 1974 5354; x_wconf 87' lang='grc' dir='ltr'><strong><em>τοδς</em></strong></span> <span class='ocrx_word' id='word_1_298' title='bbox 2004 5257 2151 5345; x_wconf 69' lang='grc' dir='ltr'><strong><em>ἐξαμαρ-</em></strong></span> 
     </span>
    </p>
   </div>
   <div class='ocr_carea' id='block_1_10' title="bbox 0 0 2261 6116">
    <p class='ocr_par' dir='ltr' id='par_1_13' title="bbox 0 0 2261 6116">
     <span class='ocr_line' id='line_1_37' title="bbox 0 0 2261 6116; baseline 0 0"><span class='ocrx_word' id='word_1_299' title='bbox 0 0 2261 6116; x_wconf 95' lang='lat' dir='ltr'><strong><em> </em></strong></span> 
     </span>
    </p>
   </div>
  </div>
 </body>
</html>
