4516 6104
924 668 961 729 21

82 871 291 953 Xenophonti
313 871 411 953 magis
442 866 585 933 videntur
613 869 774 952 placuisse.
821 871 943 950 Quibus
973 871 1033 933 hoc
1062 882 1109 934 est
1138 889 1320 943 commune,
1343 878 1378 931 ut
1400 870 1467 953 ipsa
1488 871 1688 953 oppositione
1711 890 1811 933 mem·

85 995 214 1055 brorum
237 987 368 1051 formata
390 990 458 1051 sint.

430 1106 484 1182 Vl,
509 1124 537 1186 3,
551 1123 582 1186 32
607 1104 660 1174 ide
684 1106 783 1170 Callia
806 1104 985 1186 daducho):
1009 1099 1049 1193 ἧν
1071 1109 1106 1172 δὲ
1130 1100 1221 1184 οὗτος
1242 1105 1306 1184 οἶος
1328 1108 1432 1192 μηδὲν
1455 1100 1550 1193 ἧττον
1577 1075 1717 1194 »ἥδεσθαι
1752 1104 1806 1192 ὕφ’

330 1223 432 1292 αὑτοῦ
454 1224 475 1310 ἢ
498 1221 555 1292 ὕπ’
578 1221 689 1293 ἄλλων
709 1226 957 1309 ἐπαινούμενος.

431 1342 480 1418 ΙΙΙ,
502 1361 530 1421 4
544 1360 584 1424 29
597 1365 602 1404 ε
627 1345 833 1432 Πείσανδρον,
856 1343 1026 1427 φιλότιμον
1040 1351 1101 1426 μὲν
1116 1355 1170 1409 καὶ
1186 1345 1364 1432 ἐρρωμένον
1379 1346 1439 1431 τήν
1457 1343 1577 1432 ψυχήν,
1592 1341 1804 1431 α’πειρότερον

330 1463 364 1528 δὲ
388 1469 445 1531 τοῦ
469 1463 794 1550 παρασκευάζεσθαι.

432 1582 469 1658 V,
495 1598 523 1657 2,
538 1583 592 1663 282:
617 1580 671 1651 (de
693 1579 868 1650 Phoebidai
884 1593 939 1647 καὶ
960 1583 1023 1668 γὰρ
1045 1574 1085 1668 ἦν
1106 1582 1165 1649 τοῦ
1188 1581 1338 1671 λαμπρόν
1360 1612 1390 1649 τι
1414 1589 1544 1671 ποιῆσαι
1569 1584 1652 1650 troi-d
1674 1584 1802 1667 μᾶλλον

326 1699 347 1788 ἢ
368 1706 427 1769 τοῦ
450 1705 505 1787 ζῆν
527 1696 671 1790 ἐραστής,
695 1697 732 1769 οὖ
753 1711 864 1785 μέντοι
888 1699 1064 1783 λογιστικός
1084 1728 1119 1782 γε
1143 1696 1218 1768 odd&
1248 1702 1337 1769 πάνυ
1360 1701 1515 1790 φρόνιμος
1538 1702 1643 1769 ἐδόκει
1667 1703 1762 1768 εἶναι.

76 1818 243 1881 Praeterea
271 1818 415 1883 conteras
443 1819 498 1897 111,
536 1839 560 1896 1,
590 1822 634 1882 18.
663 1837 690 1900 3,
721 1835 748 1900 5.
781 1819 835 1895 IV,
859 1821 888 1896 8,
911 1821 945 1881 18
979 1829 1010 1881 et
1042 1827 1152 1881 notam
1186 1839 1255 1901 qua,
1289 1822 1399 1884 ceteris
1431 1821 1617 1904 explicatius
1648 1818 1804 1884 inducitur

73 1934 296 2018 Diphridas
322 1937 373 2014 lv,
399 1942 427 2014 8,
446 1956 504 2002 22:
527 1934 566 2028 ἦν
588 1942 622 2007 δὲ
646 1932 736 2018 οὗτος
758 1938 843 2023 ἀνὴρ
866 1935 994 2027 εὔχαρίς
1016 1964 1051 2002 τε
1075 1931 1132 2022 οὔχ
1154 1927 1247 2016 ἦττον
1269 1943 1328 2005 τοῦ
1347 1943 1510 2028 Θίβρωνος
1525 1940 1653 2024 μᾶλλόν
1676 1967 1712 2005 τε
1733 1961 1800 2005 σον-

71 2065 263 2141 τεταγμένος
285 2068 339 2122 xa?
361 2059 653 2149 ἐγχειρητικώοερος
676 2049 858 2146 στρατηγόςΙ
882 2055 1040 2143 οὐδὲγάρ
1062 2055 1220 2141 ἐκράτουν
1242 2054 1345 2125 αὐτοῦ
1368 2063 1402 2123 αἱ
1427 2065 1484 2127 τοῦ
1506 2058 1651 2146 σώματος
1674 2055 1801 2144 ἡδοναί,

75 2173 147 2240 ἄλλ’
171 2173 223 2240 αἐῑ
246 2176 326 2258 πρὸς
348 2169 372 2266 ᾧ
394 2181 443 2263 εἴη
466 2177 546 2265 ἔργῳ
569 2183 663 2245 τοῦτο
685 2177 857 2262 ἔπραττεν.

225 2293 294 2357 Hos
318 2306 499 2374 postremos
524 2296 611 2360 locos
634 2298 659 2358 si
682 2296 881 2378 perlegimus,
906 2305 1019 2377 sponte
1049 2295 1140 2358 nobis
1166 2295 1197 2357 in
1220 2305 1361 2357 mentem
1395 2294 1499 2359 incidit
1530 2295 1706 2360 recordatio
1729 2297 1807 2359 anti·

78 2412 219 2486 theseon,
243 2414 356 2496 quibus
380 2414 569 2478 Anabaseos
592 2427 622 2478 et
645 2414 786 2497 Agesilai
808 2412 922 2477 iudicia
944 2411 1086 2477 distincta
1108 2423 1205 2476 erant.
1241 2412 1349 2496 Itaque
1371 2414 1437 2489 eius
1459 2416 1541 2490 artis,
1559 2416 1646 2478 cuius
1670 2414 1808 2497 perfecta
1863 2435 1867 2441 ¹

79 2532 288 2615 absolutaque
311 2532 372 2596 illic
394 2535 493 2597 nitent
515 2535 672 2617 exempla,
694 2536 744 2598 hic
767 2535 856 2618 quasi
879 2530 1057 2596 rudimenta
1079 2530 1237 2612 quaedam
1261 2546 1415 2594 tenemus.

226 2649 289 2713 Sed
320 2649 361 2715 ad
392 2652 487 2716 finem
520 2672 664 2735 propero,
695 2655 750 2717 etsi
784 2653 884 2716 multa
914 2662 995 2726 sunt,
1019 2673 1101 2735 quae
1123 2649 1164 2714 ad
1186 2649 1432 2716 continuandam
1456 2652 1538 2715 hanc
1561 2650 1804 2735 disputationem

77 2772 217 2833 invitent.
263 2770 341 2833 Prae
365 2774 473 2834 ceteris
507 2783 614 2835 autern
650 2793 690 2836 an
720 2769 946 2854 descriptiones
971 2771 1144 2834 Isocrateae
1174 2773 1261 2852 ipsae
1291 2792 1420 2856 quoque
1449 2791 1468 2832 a
1500 2769 1617 2851 Gorgia
1647 2768 1807 2851 pendeant
1832 2733 1844 2831 Ι

77 2901 109 2952 et
132 2909 289 2972 quaenam
313 2891 350 2953 sit
373 2891 453 2953 inter
474 2889 694 2974 Thucydidem
718 2902 749 2953 et
771 2889 1019 2973 Xenophontem
1043 2891 1073 2952 in
1096 2890 1142 2953 his
1165 2893 1257 2954 rebus
1280 2887 1490 2967 necessitudo,
1521 2909 1674 2973 quaerere
1702 2887 1806 2951 distuli
1831 2866 1835 2906 ²

79 3019 110 3070 et
132 3010 162 3071 in
185 3008 278 3071 aliam
301 3010 503 3072 occasionem
527 3011 693 3072 reservavi.
