4506 6120
1179 641 1381 736 „ta--

564 848 732 925 βασιλείας
754 857 809 912 καὶ
832 844 950 934 ταύτης
966 844 1025 914 οὐκ
1041 848 1229 925 ἐπεβουλευ-
1483 847 1548 913 τῶν
1582 851 1662 928 γοῦν
1697 837 1896 934 ὑπεραύχων
1937 847 2166 932 καταφρονῶν

566 977 685 1050 σμίλης,
724 964 795 1032 a‘tt'
833 963 1060 1049 ἀγαπωμένης,
1099 966 1134 1032 τὸ
1168 973 1230 1050 μὲν
1484 965 1552 1033 τοῖν
1572 980 1707 1052 μετρίων
1727 957 1956 1053 ταπεινότερος
1978 954 2035 1048 η’ν-

565 1084 775 1180 μεγάλαυχον
797 1081 854 1151 οὐκ
882 1081 926 1151 ἄν
953 1084 1022 1150 εἶδέ
1042 1112 1099 1167 τις,
1126 1081 1164 1148 τό
1195 1086 1229 1151 δὲ

566 1197 775 1293 φιλόστοργον
807 1215 863 1268 καὶ
900 1204 1139 1292 θεραπευτικὸν
1167 1203 1231 1270 τῶν

566 1328 668 1408 φίλων
690 1336 745 1390 καὶ
767 1321 812 1410 μή
838 1325 941 1406 ζητῶν
963 1322 1157 1409 κατενόησεν
1176 1321 1229 1390 ἄν.

568 1440 639 1505 Non
670 1442 773 1506 solum
803 1444 982 1506 variationis
1010 1440 1147 1505 studium
1171 1443 1250 1507 haec
1272 1442 1421 1526 exempla
1443 1444 1587 1525 probant,
1610 1438 1667 1504 sed
1689 1442 1802 1503 iterum
1830 1436 1927 1516 vides,
1952 1449 2166 1523 quantopere

414 1563 532 1637 omnia,
555 1582 637 1645 quae
661 1573 906 1646 praecesserant,
931 1564 961 1624 in
984 1561 1028 1625 Xl
1051 1563 1151 1645 capite
1174 1563 1205 1624 in
1228 1563 1354 1624 brevius
1378 1571 1538 1625 contracta
1560 1562 1621 1624 siut
1643 1570 1674 1622 et
1696 1561 1727 1622 in
1749 1559 1934 1641 generalius.

568 1682 659 1762 Quae
691 1701 763 1744 cum
801 1682 844 1742 ita
874 1682 943 1756 sint,
971 1681 1080 1742 iniuria
1104 1680 1178 1742 mihi
1201 1677 1325 1743 videtur
1354 1701 1395 1742 ex
1425 1678 1531 1743 media
1561 1691 1650 1762 parte
1673 1681 1804 1762 pugnari
1827 1689 1937 1743 contra
1961 1695 2164 1742 extremam.

414 1802 517 1865 Immo
550 1802 682 1864 sustinet
712 1800 811 1863 altera
840 1801 972 1863 alteram
1002 1811 1033 1862 et
1062 1800 1195 1882 supplet.
1241 1800 1514 1863 Versamurenim
1543 1803 1574 1863 in
1596 1802 1686 1863 initiis
1708 1802 1775 1864 eius
1798 1801 1880 1877 artis,
1904 1821 1970 1884 qua
1993 1800 2164 1864 clarorum

413 1922 552 1984 virorum
576 1920 763 1982 memoriam
787 1930 910 1982 veteres
927 1919 1032 1981 litteris
1048 1920 1181 1981 retinere
1204 1916 1381 1994 studebant,
1396 1938 1457 1983 nec
1472 1921 1640 2003 quaeritur,
1656 1930 1762 1983 utrum
1781 1921 1872 1983 nobis
1888 1919 2022 2001 placeat
2046 1939 2164 1996 necne,

375 2099 378 2108 ,
416 2039 473 2105 sed
495 2061 654 2124 quaenam
678 2039 778 2102 luerit.

568 2160 760 2242 Percipimus
788 2170 895 2221 autem
924 2169 955 2221 et
983 2177 1047 2241 qua
1075 2159 1105 2219 in
1133 2178 1166 2219 re
1181 2155 1319 2239 pendeat
1345 2160 1385 2221 ab
1412 2159 1548 2222 lsocrate
1564 2158 1747 2240 Xenophon
1776 2169 1807 2221 et
1829 2178 1893 2242 quo
1916 2156 2061 2222 diflerat.
2111 2158 2165 2222 Ille

416 2280 500 2341 enim
524 2279 704 2359 promiscue
727 2279 895 2360 Euagorae
919 2274 1016 2340 modo
1039 2298 1088 2339 res
1111 2288 1214 2358 gestas
1237 2288 1420 2340 narraverat
1440 2276 1539 2341 modo
1561 2278 1692 2341 narratis
1714 2298 1789 2341 usus
1816 2280 1945 2361 copiose
1969 2276 2015 2341 de
2041 2281 2166 2342 meritis

415 2395 640 2479 disputaverat.
692 2397 802 2459 Solum
834 2397 888 2458 ubi
921 2394 962 2458 de
993 2396 1084 2478 regiis
1114 2396 1179 2458 eius
1211 2396 1375 2459 virtutibus
1402 2397 1480 2478 egit,
1514 2417 1572 2460 suo
1600 2397 1650 2460 ille
1686 2398 1815 2461 artificio
1843 2418 1918 2461 usus
1947 2408 2008 2474 est,
2046 2402 2100 2463 cui
2135 2401 2166 2462 in

416 2518 559 2581 Menonis
582 2527 613 2579 et
637 2516 776 2599 Agesilai
798 2535 932 2579 censura
954 2536 987 2578 se
1010 2512 1179 2596 adplicavit
1201 2513 1392 2597 Xenophon.

569 2635 753 2716 Xenophon
776 2647 883 2698 autem
907 2636 965 2697 tria
996 2636 1075 2698 haec
1098 2631 1245 2697 laudandi
1274 2636 1411 2697 rationes
1434 2636 1475 2697 ita
1498 2637 1666 2716 separavit,
1689 2647 1723 2698 ut
1746 2633 1891 2698 diversae
1915 2636 2015 2699 libelli
2053 2649 2164 2719 partes

418 2754 490 2819 inde
513 2757 708 2818 exsisterent.
738 2755 843 2818 Prima
865 2757 949 2817 enim
973 2766 1078 2817 narrat
1102 2754 1220 2835 (l—lll3
1243 2753 1341 2816 altera
1363 2754 1518 2835 exemplis
1540 2774 1616 2817 usus
1639 2752 1775 2837 disputat
1791 2753 1945 2837 (hl-X),
1971 2767 2162 2821 extremam

416 2884 524 2936 autem
549 2870 616 2955 (Xl)
640 2875 739 2937 voluit
762 2871 976 2936 antecedentis
1000 2871 1186 2936 laudationis
1209 2874 1298 2955 quasi
1321 2874 1528 2935 summarium
1552 2894 1621 2936 esse
1646 2885 1676 2936 et
1699 2874 1859 2937 subtiliore
1882 2885 1950 2936 arte
1973 2878 2162 2957 expolitum

416 2993 505 3076 quasi
527 2992 621 3054 dores
644 2989 822 3073 decerpere.

568 3111 679 3194 ltaque
710 3113 741 3173 in
769 3112 854 3174 initio
887 3112 979 3174 huius
1007 3112 1140 3174 extremi
1168 3112 1274 3193 capitis
1298 3111 1394 3174 libere
1417 3109 1530 3173 fatetur
1553 3132 1586 3173 se
1609 3131 1693 3175 nunc
1716 3112 1798 3174 velle
1821 3113 1925 3194 priora
1948 3114 1992 3176 ita
2017 3117 2161 3179 breviter

416 3240 568 3313 repetere,
592 3240 626 3292 ut
650 3232 779 3293 virtutes
803 3230 951 3314 Agesilai,
975 3228 1015 3293 de
1038 3233 1150 3315 quibus
1173 3232 1301 3314 copiose
1323 3231 1475 3293 hactenus
1498 3227 1720 3312 disputaverat,
1744 3233 1928 3294 summatim
1955 3253 2050 3297 nunc
2073 3255 2159 3298 com·

415 3347 606 3433 prehendat:
656 3350 823 3433 Βούλομαι
855 3353 889 3416 δὲ
922 3362 975 3415 καὶ
1000 3352 1036 3417 ἒν
1070 3354 1261 3434 κεφαλαίοις
1296 3351 1497 3416 ἐπανελθεῖν
1529 3350 1587 3436 την
1610 3349 1730 3438 α’ρετήν
1752 3349 1865 3418 αὐτοῦ.
1913 3352 2017 3414 Simul
2048 3364 2155 3417 autem

415 3489 546 3533 causam
570 3467 665 3546 addit,
689 3490 744 3533 cur
765 3470 845 3533 haec
868 3468 974 3532 faciat:
1013 3467 1119 3547 ait-dv
1141 3468 1158 3536 ὁ
1181 3470 1315 3547 ἔπαινος
1338 3466 1633 3556 ειῗμνημονεστερως
1656 3469 1722 3565 ἔχη.
1768 3472 1860 3551 Quae
1883 3472 1984 3534 verba
2007 3487 2154 3537 curtam

418 3588 532 3649 misere
563 3599 678 3650 vexata
716 3590 776 3651 sint
804 3609 824 3651 a
853 3589 924 3652 viris
961 3586 1060 3652 doctis
1094 3609 1159 3651 non
1189 3588 1345 3670 intellego.
1406 3590 1485 3650 Sunt
1517 3589 1600 3650 enim
1644 3589 1848 3669 apertissima.
1908 3587 2070 3655 Nimirum
2111 3596 2156 3656 vir

416 3707 554 3770 utilitatis
577 3708 693 3789 ubique
724 3705 968 3770 studiosissimus
997 3710 1091 3771 etiam
1124 3709 1278 3770 sermonis
1311 3707 1492 3790 elegantias,
1526 3708 1639 3789 quibus
1668 3705 1893 3784 delectabatur,
1925 3709 2030 3774 noluit
2063 3710 2154 3775 ludos

417 3827 520 3907 putari
543 3827 693 3909 iocosque
718 3825 835 3889 lructus
857 3840 1010 3908 expertes.

503 3933 506 3939 ¹
570 3946 643 4026 Qua
664 3966 697 4007 re
720 3943 761 4008 ad
784 3956 959 4008 extremam
983 3956 1104 4030 partem
1128 3947 1181 4007 ubi
1204 3947 1320 4021 transit,
1344 3943 1540 4008 describendi
1560 3966 1669 4028 genus,
1693 3967 1758 4030 quo
1780 3967 1864 4010 nunc
1886 3968 2002 4012 usurus
2025 3963 2086 4029 est,
2107 3963 2153 4015 ut·

416 4074 491 4147 pote
516 4064 715 4127 utilissimum
746 4066 790 4126 eis
813 4062 1034 4141 commendat,
1064 4067 1117 4148 qui
1145 4063 1333 4128 dilectissimi
1366 4066 1423 4127 viri
1452 4063 1591 4128 indolem
1621 4085 1718 4149 quam
1746 4068 1931 4129 brevissime
1961 4069 2063 4133 velint
2087 4092 2152 4156 per·

418 4186 522 4266 cipere
545 4195 576 4246 et
598 4205 694 4268 quam
718 4184 896 4247 firmissime
919 4185 1060 4246 retinere.

1226 4470 1337 4574 Vl.

572 4655 635 4720 Sed
664 4659 730 4721 iure
762 4679 847 4723 nunc
879 4671 1041 4743 quaerent,
1077 4662 1130 4744 qui
1173 4662 1374 4744 quaestiones
1412 4659 1515 4725 adhuc
1553 4671 1700 4724 tractatas
1742 4682 1867 4726 mecum
1911 4674 2151 4745 reputaverunt.

419 4796 498 4839 num
520 4776 600 4840 haec
622 4780 715 4842 unica
737 4779 883 4843 lsocratei
906 4781 1092 4844 characteris
1115 4781 1287 4862 specimina
1309 4781 1340 4841 in
1363 4778 1585 4864 Xenophontis
1607 4781 1726 4862 scriptis
1749 4790 1865 4846 extent.
1910 4781 1944 4844 ln
1967 4781 2151 4849 Anabasi

420 4905 514 4972 certe,
538 4897 569 4959 in
592 4918 655 4980 qua
677 4909 801 4980 praeter
824 4899 967 4962 Menonis
990 4900 1123 4963 aliorum
1147 4919 1275 4983 quoque
1298 4899 1463 4961 hominum
1480 4919 1585 4962 mores
1608 4897 1693 4962 haud
1708 4920 1779 4963 raro
1794 4910 2029 4978 recenseantur,
2054 4904 2153 4967 latere

418 5014 493 5078 talia
514 5017 580 5078 veri
602 5037 666 5081 non
690 5028 736 5080 est
759 5015 917 5082 dissimile.

398 5154 414 5293 η
572 5135 680 5220 Atque
702 5139 839 5221 primum
870 5137 910 5201 de
933 5140 997 5201 vita
1019 5139 1158 5201 moribus
1180 5139 1332 5221 regimine
1354 5137 1448 5220 Cyri
1470 5139 1598 5222 copiosa
1620 5134 1788 5221 disputatio
1804 5137 1837 5219 (l,
1853 5140 1885 5220 9)
1908 5148 1939 5200 et
1955 5137 2155 5207 Clearchi

419 5273 554 5318 censura
584 5258 714 5319 obvenit
737 5256 783 5338 (ll,
796 5256 826 5335 6,
854 5255 976 5338 1—15).
1023 5254 1090 5319 Sed
1120 5258 1203 5319 enim
1227 5256 1280 5319 illa
1309 5258 1412 5339 potius
1436 5253 1560 5320 mediae
1589 5255 1730 5340 Agesilai
1759 5259 1839 5342 parti
1866 5257 1972 5321 similis
1996 5269 2056 5337 est,
2089 5282 2155 5326 non

398 5299 400 5313 l

395 5328 398 5345 l
