4506 6120
951 645 988 706 15

97 847 150 911 Vl.
173 859 259 931 μέγα
278 847 404 934 φρονῶν
419 844 477 914 οὐκ
492 847 547 913 ἐπὶ
564 865 628 924 τοῖς
643 844 700 913 ded
716 847 823 932 τύχην,
841 844 914 914 ἄλλ’
1017 846 1102 911 XXI.
1125 838 1218 935 δόξης
1247 843 1401 931 οόδεμιᾱς
1430 843 1505 934 ἤρα,
1529 840 1567 934 ἧς
1596 847 1654 917 οὐκ
1681 840 1832 928 ἐξεπόνει

248 968 304 1033 ἐπὶ
326 983 392 1045 τοῖς
416 968 457 1032 δι’
480 963 583 1034 αὐτόν
605 979 807 1050 γιγνομένοις
1169 967 1211 1032 τά
1235 969 1304 1033 ἴδια

96 1076 116 1149 l.
146 1088 324 1153 διετέλεσεν
357 1080 474 1152 oddara
507 1093 568 1169 μὲν
599 1083 736 1162 α’δικῶν,
770 1086 844 1163 roric
878 1086 912 1151 δὲ
1018 1084 1059 1149 Χ.
1082 1082 1170 1170 ἤσκει
1193 1088 1350 1170 ἐξομιλεῖν
1369 1088 1608 1164 παντοδαποῖς,
1632 1092 1773 1175 χρῆσθαι
1797 1087 1833 1152 δὲ

249 1205 401 1293 χρηστοδς
423 1210 526 1287 τιμῶν
1010 1251 1013 1257 -
1169 1219 1236 1282 τοῖς
1260 1200 1404 1287 α’γαθοῖς

249 1323 316 1387 lam
348 1343 424 1386 vero
448 1323 616 1405 Agesilaus
646 1335 789 1386 mortuus
816 1333 863 1386 est
891 1343 975 1386 anno
998 1344 1026 1386 a.
1051 1323 1123 1385 Chr.
1146 1344 1176 1387 n.
1202 1323 1257 1402 361
1285 1324 1458 1407 paulloque
1482 1336 1553 1406 post
1576 1321 1660 1386 edita
1684 1321 1832 1387 laudatio,

95 1443 169 1522 Quo
181 1453 327 1524 tempore
339 1453 392 1504 aut
405 1442 563 1505 Anabasis
576 1453 630 1505 aut
642 1442 806 1523 Euagoras
819 1441 989 1524 prodierint
1000 1463 1064 1505 non
1078 1452 1208 1505 constat.
1235 1443 1403 1525 Euagorae
1413 1445 1497 1505 enim
1512 1440 1700 1506 laudationis
1712 1462 1831 1504 aunum

94 1561 234 1624 natalem
251 1561 306 1622 viri
322 1558 405 1624 docti
423 1563 503 1623 intra
517 1580 618 1623 annos
637 1576 695 1640 372
712 1573 743 1624 et
760 1578 776 1640 3
783 1577 819 1640 52
837 1571 1001 1645 quaerunt,
1018 1561 1204 1635 Anabasim,
1220 1582 1302 1644 quae
1319 1572 1403 1624 certe
1418 1572 1491 1643 post
1506 1583 1624 1625 annum
1640 1577 1704 1638 400
1720 1561 1834 1642 scripta

95 1689 153 1755 est,
176 1679 213 1740 E.
238 1680 448 1755 Schwartz,
472 1680 525 1762 qui
547 1681 730 1759 nuperrime
752 1678 792 1742 de
815 1679 1123 1763 Xenophonteorum
1148 1683 1334 1763 scriptorum
1357 1691 1501 1762 tempore
1525 1678 1620 1743 docte
1643 1680 1714 1761 egit,
1737 1689 1834 1761 negat

94 1807 169 1861 ante
195 1817 312 1860 annum
339 1798 400 1876 369
425 1795 542 1860 editam
566 1818 645 1860 esse.
694 1796 803 1882 ltaque
834 1797 976 1861 Menonis
1006 1809 1037 1860 et
1068 1796 1206 1879 Agesilai
1229 1795 1453 1882 descriptiones
1478 1800 1517 1861 ab
1541 1799 1635 1881 ipsius
1663 1799 1832 1880 Euagorae

95 1912 142 1998 ἓξ
153 1915 280 1994 43—46
302 1911 441 1999 pendere
465 1924 592 1998 propter
614 1925 795 1999 temporum
819 1918 956 1979 rationes
978 1917 1086 1998 negari
1108 1917 1225 1999 nequit.

250 2034 376 2097 Tamen
409 2044 444 2095 ut
477 2035 519 2096 ita
552 2053 739 2098 censeamus
773 2034 931 2098 Isocrateo
962 2034 1142 2097 charactere
1174 2034 1296 2098 illarum
1320 2032 1567 2116 descriptionum
1591 2054 1656 2096 non
1681 2035 1833 2115 cogimur.

96 2150 177 2216 Nam
201 2153 232 2214 in
255 2152 321 2215 aliis
344 2172 472 2236 quoque
497 2150 689 2215 lsocratis
712 2152 795 2214 libris
818 2151 911 2235 plane
934 2149 1047 2214 eadem
1071 2154 1191 2216 ratione
1214 2151 1367 2216 iudicatur
1389 2149 1428 2213 de
1451 2153 1616 2214 hominum
1642 2153 1790 2214 moribus.

251 2272 296 2334 lta
322 2291 450 2354 prorsus
484 2271 627 2353 congruit
657 2290 730 2333 cum
761 2268 905 2333 laudibus
938 2271 1106 2353 Euagorae
1133 2269 1173 2346 id,
1197 2268 1283 2355 quod
1314 2268 1354 2333 de
1383 2271 1544 2333 Theseo
1577 2267 1776 2354 praedicatur
1805 2270 1835 2332 in

97 2390 263 2453 Helena.
309 2388 469 2470 Exemplo
492 2390 530 2451 sit
553 2390 572 2466 ἓ
596 2404 653 2468 37:
678 2399 733 2454 καῖ
753 2388 817 2475 γάρ
849 2417 899 2455 τοι
929 2390 1134 2456 διετέλεσε
1161 2387 1220 2456 τόν
1241 2394 1316 2467 βίον
1339 2386 1395 2454 οὐκ
1425 2387 1730 2472 ἐπιβουλευόμενος,
1761 2386 1835 2454 αλλ’

96 2506 330 2590 οἷγαπῶμενος,
359 2503 428 2575 οὔδ’
446 2508 581 2597 ἐπακτῷ
616 2499 755 2592 δυνάμει
791 2508 850 2594 τὴν
878 2503 981 2594 ἆρχήν
1004 2497 1239 2592 διαφυλάττων,
1270 2503 1356 2573 α’λλοὶ
1388 2511 1428 2603 τῇ
1457 2512 1523 2573 τῶν
1555 2510 1700 2574 πολιτῶν
1727 2501 1836 2597 εδνοίᾳ

96 2618 375 2717 δορυφορούμενος,
405 2628 442 2726 τῇ
469 2635 529 2709 μεῗν
554 2627 680 2715 ἐξουσίᾳ
710 2632 890 2715 τυραννῶν,
918 2639 991 2703 ταῖς
1020 2627 1057 2692 δὲ
1085 2621 1281 2710 εόεργεσίαις
1312 2627 1520 2709 δημαγωγῶν.
1566 2625 1656 2688 Patet
1682 2627 1714 2689 ni
1745 2625 1836 2689 lallor

97 2748 155 2810 has
177 2746 348 2809 antitheses
378 2745 530 2826 gemellas
560 2765 630 2808 esse
659 2746 917 2827 Euagorearum3
948 2742 1004 2806 sed
1027 2744 1249 2828 Xenophontis
1279 2765 1408 2828 quoque
1431 2744 1571 2826 Agesilai
1594 2756 1707 2828 sponte
1739 2748 1836 2829 surgit

99 2863 286 2941 recordati0,
310 2866 334 2927 si
358 2864 511 2932 Helenae.
535 2885 618 2947 quae
641 2861 844 2947 praecedunt,
868 2864 1017 2945 legimus:

98 2988 118 3065 ξ
142 2985 190 3063 36.
219 2979 257 3052 ori
278 2985 342 3070 γοὶρ
365 2979 472 3070 ῶσπερ
494 2990 596 3072 ἕτεροι
618 2981 690 3060 τοδς
712 2990 772 3065 μὲν
795 2974 914 3060 πόνους
1019 2982 1186 3066 Agesilaus
1209 2983 1343 3048 XXIV2.
1366 2984 1487 3063 πόνους
1515 2984 1657 3068 μάλιστα
1689 2982 1837 3068 οἷντεχων

252 3100 360 3178 ἄλλοις
393 3112 598 3185 προσέταττε,
625 3101 691 3167 τῶν
722 3101 758 3165 δὲ
787 3099 916 3184 Ιἡδονῶν
1368 3108 1506 3192 ἑταίροις
1529 3101 1647 3187 ἣδιστα
1671 3103 1781 3171 ὑπεῖκε

252 3218 348 3296 αὐτός
380 3210 477 3302 μόνος
507 3217 684 3300 ἀπέλαυεν,
720 3217 809 3286 alltc?
842 3220 915 3303 τοδς
1255 3220 1342 3285 ΧΧΙ.
1369 3221 1520 3306 οὐδεμιᾶς
1537 3214 1630 3310 δόξης
1645 3219 1718 3310 ἤρα,
1734 3250 1768 3308 ης
1780 3220 1836 3289 οὐκ

251 3346 313 3422 μὲν
344 3338 513 3416 κινδύνους
545 3340 644 3416 ἰδίους
672 3339 824 3420 ἐποιεῖτο,
856 3340 915 3418 τοὶς
1368 3341 1515 3418 ἐξεπόνει
1538 3341 1580 3407 τοὶ
1604 3342 1682 3406 ἴδια.

253 3460 290 3524 δὲ
322 3456 475 3542 ω’φελείας
508 3450 633 3524 ἅπασιν
658 3463 702 3535 είς
735 3454 774 3522 τό
807 3458 917 3525 κοινόν

253 3576 418 3643 οἷπεδίδου.

253 3693 316 3757 Sed
339 3696 469 3757 enimin
493 3695 553 3757 hac
575 3705 650 3770 arte,
675 3715 738 3779 qua
754 3715 808 3776 per
824 3697 980 3758 contraria
1002 3696 1147 3758 homines
1170 3693 1396 3772 describuntur,
1413 3697 1508 3758 etiam
1525 3696 1622 3759 alium
1646 3693 1838 3779 discipulum

99 3823 224 3898 praeter
239 3812 488 3897 Xenophontem
505 3813 576 3876 licet
592 3812 769 3890 ostendere,
793 3812 961 3897 siquidem
978 3816 1043 3876 iure
1060 3816 1114 3876 viri
1137 3811 1221 3877 docti
1246 3814 1471 3898 Praecepta
1493 3813 1541 3877 ad
1571 3804 1837 3879 Demonicum

99 3936 140 3996 ab
158 3934 225 4015 ipso
243 3933 377 3995 lsocrate
393 3934 576 4015 provenisse
590 3943 718 4015 negant,
736 3931 822 4017 quod
838 3934 913 3995 mihi
928 3930 1057 4016 quidem
1074 3944 1194 3997 certum
1211 3954 1280 3995 esse
1298 3932 1406 3996 fateor.
1445 3931 1526 3996 Nam
1544 3936 1596 3996 ubi
1611 3934 1837 4017 gnomologiae

100 4052 193 4116 huius
215 4061 326 4114 auctor
348 4048 388 4112 de
411 4061 499 4134 patre
522 4052 588 4113 eius
612 4052 758 4134 loquitur,
782 4053 831 4115 cui
855 4053 967 4114 librum
990 4050 1155 4127 dedicavit,
1179 4053 1258 4116 haec
1281 4050 1354 4116 dicit
1376 4055 1396 4130 ξ
1418 4070 1454 4131 9:

458 4169 479 4232 l.
504 4166 542 4236 ου’
564 4169 627 4253 γοῖρ
651 4167 812 4255 ὀλιγωρῶν
834 4176 888 4257 τῆς
910 4169 1026 4258 οἷρετῆς
1049 4169 1121 4238 οὐδὲ
1144 4171 1309 4259 ῥαθυμῶν
1332 4172 1543 4240 διετέλεσε
1567 4174 1622 4238 τόν
1643 4177 1725 4253 βίον,
1748 4167 1835 4243 οἷλλοὶ

356 4288 392 4354 τό
424 4294 485 4371 μὲν
517 4287 612 4371 σῶμα
646 4305 712 4366 τοῖς
746 4288 860 4366 πόνοις
892 4287 1063 4374 ε’γόμναζε,
1098 4295 1138 4387 τῇ
1171 4292 1207 4355 δὲ
1242 4295 1334 4387 ψυχῇ
1366 4288 1440 4368 τούς
1471 4289 1637 4367 κινδύνους
1669 4286 1837 4371 ὑπέμενεν.

358 4407 391 4469 ll.
424 4402 499 4474 οόδὲ
532 4404 590 4474 τόν
623 4410 764 4474 πλοῦτον
798 4422 1010 4497 παρακαίρως
1038 4407 1165 4496 ἠγάπα,
1199 4406 1272 4474 α’λλ’
1294 4407 1444 4474 ῶπίλαυε
1472 4416 1534 4492 μὲν
1567 4413 1631 4475 τῶν
1665 4407 1839 4495 παρόντων

357 4522 499 4606 α’γαθῶν
521 4523 562 4603 ῶς
593 4525 724 4612 θνητός,
748 4527 939 4610 ἐπεμελεῖτο
968 4528 1004 4593 δὲ
1034 4528 1098 4593 τῶν
1130 4524 1346 4616 ῶπαρχόντων
1368 4525 1409 4606 ῶς
1439 4524 1622 4605 α’θόνατος.
1671 4527 1735 4591 lll¹.
1766 4524 1840 4593 οὐδὲ

357 4650 520 4723 ταπεινῶς
544 4644 652 4711 διώκει
675 4645 732 4711 τόν
746 4650 865 4713 ἑαυτοῦ
879 4651 964 4727 βίον,
988 4643 1077 4711 α’λλοὶ
1100 4645 1273 4727 φιλόκαλος
1296 4640 1337 4734 ἧν
1360 4659 1414 4713 καὶ
1430 4643 1681 4736 μεγαλοπρεπής
1704 4657 1841 4723 καὶτοῖς

356 4768 460 4848 φίλοις
491 4761 605 4843 κοινός,
641 4762 721 4845 (lll²)
750 4772 807 4828 καὶ
836 4764 965 4847 μᾶλλον
993 4763 1168 4848 ἐθαύμαζε
1197 4763 1272 4842 τούς
1300 4777 1374 4856 περὶ
1404 4764 1507 4833 αὐτόν
1534 4764 1788 4847 σπουδάζοντας,
1820 4761 1840 4848 ἢ

358 4883 432 4960 τούς
455 4887 501 4947 τῶ
523 4893 610 4964 γένει
634 4872 861 4968 προσήκοντας
900 4882 952 4946 lV.
968 4879 1075 4969 ἡγεῖτο
1097 4883 1161 4969 γαρ
1183 4885 1269 4950 εἶναι
1297 4882 1376 4972 πρός
1398 4888 1549 4972 ἑταιρίαν
1572 4884 1684 4974 πολλῶ
1706 4897 1837 4971 κρείττω

360 4998 456 5084 φύσιν
479 4998 580 5084 νόμου
602 5012 659 5066 καῖ
681 4990 805 5086 τρόπον
827 5010 939 5083 γένους
961 5012 1016 5066 καὶ
1039 5013 1226 5088 προαίρεσιν
1249 4993 1401 5087 α’νόγκης.

257 5118 304 5184 Ne
328 5117 509 5184 admonitus
532 5119 661 5204 quidem
680 5119 822 5184 lsocratis
838 5121 868 5182 in
885 5120 977 5183 solito
993 5130 1181 5202 argumento
1205 5120 1369 5183 artificium
1392 5121 1442 5184 hic
1464 5139 1648 5203 cognosces,
1661 5118 1719 5184 sed
1733 5119 1841 5183 Xeno-

101 5239 230 5325 phontis
253 5260 343 5303 more
366 5239 492 5302 liberius
514 5238 697 5303 adhibitum.
744 5237 825 5303 Nam
855 5250 890 5302 ut
919 5241 950 5302 in
980 5239 1123 5302 lllenonis
1147 5240 1302 5302 sententia
1324 5238 1353 5300 V
1382 5239 1527 5320 bipertita
1552 5239 1636 5322 prius
1660 5240 1840 5301 membrum
