<?xml version="1.0" encoding="UTF-8"?>
<!DOCTYPE html PUBLIC "-//W3C//DTD XHTML 1.0 Transitional//EN"
    "http://www.w3.org/TR/xhtml1/DTD/xhtml1-transitional.dtd">
<html xmlns="http://www.w3.org/1999/xhtml" xml:lang="en" lang="en">
 <head>
  <title>
</title>
<meta http-equiv="Content-Type" content="text/html;charset=utf-8" />
  <meta name='ocr-system' content='tesseract 3.04.00' />
  <meta name='ocr-capabilities' content='ocr_page ocr_carea ocr_par ocr_line ocrx_word'/>
</head>
<body>
  <div class='ocr_page' id='page_1' title='image "./dexenophontisag00brungoog_0009.png"; bbox 0 0 4506 6120; ppageno 0'>
   <div class='ocr_carea' id='block_1_1' title="bbox 1263 637 1284 695">
    <p class='ocr_par' dir='ltr' id='par_1_1' title="bbox 1263 637 1284 695">
     <span class='ocr_line' id='line_1_1' title="bbox 1263 637 1284 695; baseline 0 0"><span class='ocrx_word' id='word_1_1' title='bbox 1263 637 1284 695; x_wconf 83' lang='lat'>4</span> 
     </span>
    </p>
   </div>
   <div class='ocr_carea' id='block_1_2' title="bbox 1174 723 1377 731">
    <p class='ocr_par' dir='ltr' id='par_1_2' title="bbox 1174 723 1377 731">
     <span class='ocr_line' id='line_1_2' title="bbox 1174 723 1377 731; baseline 0.01 -2"><span class='ocrx_word' id='word_1_2' title='bbox 1174 723 1377 731; x_wconf 71' lang='lat'><strong><em>———</em></strong></span> 
     </span>
    </p>
   </div>
   <div class='ocr_carea' id='block_1_3' title="bbox 663 838 2144 1192">
    <p class='ocr_par' dir='ltr' id='par_1_3' title="bbox 663 838 2144 1192">
     <span class='ocr_line' id='line_1_3' title="bbox 1108 838 1439 932; baseline -0.003 -21"><span class='ocrx_word' id='word_1_3' title='bbox 1108 838 1228 911; x_wconf 91' lang='lat' dir='ltr'>Pars</span> <span class='ocrx_word' id='word_1_4' title='bbox 1264 839 1439 932; x_wconf 87' lang='lat' dir='ltr'><strong>prima.</strong></span> 
     </span>
     <span class='ocr_line' id='line_1_4' title="bbox 763 968 2144 1064; baseline -0.001 -24"><span class='ocrx_word' id='word_1_5' title='bbox 763 978 782 1041; x_wconf 91' lang='lat' dir='ltr'><strong><em>I.</em></strong></span> <span class='ocrx_word' id='word_1_6' title='bbox 806 975 991 1064; x_wconf 74' lang='grc' dir='ltr'><strong><em>Ἀγησίλαος</em></strong></span> <span class='ocrx_word' id='word_1_7' title='bbox 1015 976 1084 1063; x_wconf 84' lang='grc' dir='ltr'><strong><em>ἱερά</em></strong></span> <span class='ocrx_word' id='word_1_8' title='bbox 1114 982 1176 1059; x_wconf 77' lang='grc' dir='ltr'><strong><em>μὲν</em></strong></span> <span class='ocrx_word' id='word_1_9' title='bbox 1198 988 1252 1042; x_wconf 82' lang='grc' dir='ltr'><strong><em>καῖ</em></strong></span> <span class='ocrx_word' id='word_1_10' title='bbox 1275 976 1317 1042; x_wconf 83' lang='grc' dir='ltr'><strong><em>τά</em></strong></span> <span class='ocrx_word' id='word_1_11' title='bbox 1347 977 1383 1044; x_wconf 84' lang='grc' dir='ltr'><strong><em>ἐν</em></strong></span> <span class='ocrx_word' id='word_1_12' title='bbox 1407 990 1474 1054; x_wconf 90' lang='grc' dir='ltr'><strong><em>τοῖς</em></strong></span> <span class='ocrx_word' id='word_1_13' title='bbox 1501 977 1669 1058; x_wconf 85' lang='grc' dir='ltr'><strong><em>πολεμίοις</em></strong></span> <span class='ocrx_word' id='word_1_14' title='bbox 1697 976 1834 1053; x_wconf 89' lang='grc' dir='ltr'><strong><em>ἐσέβετο,</em></strong></span> <span class='ocrx_word' id='word_1_15' title='bbox 1864 971 2037 1060; x_wconf 78' lang='grc' dir='ltr'><strong><em>ἡγούμενος</em></strong></span> <span class='ocrx_word' id='word_1_16' title='bbox 2066 968 2144 1049; x_wconf 81' lang='grc' dir='ltr'><strong><em>τούς</em></strong></span> 
     </span>
     <span class='ocr_line' id='line_1_5' title="bbox 663 1089 2139 1192; baseline -0.005 -29"><span class='ocrx_word' id='word_1_17' title='bbox 663 1097 760 1174; x_wconf 83' lang='grc' dir='ltr'><strong><em>θεούς</em></strong></span> <span class='ocrx_word' id='word_1_18' title='bbox 789 1092 847 1181; x_wconf 80' lang='grc' dir='ltr'><strong><em>ούχ</em></strong></span> <span class='ocrx_word' id='word_1_19' title='bbox 878 1089 974 1180; x_wconf 81' lang='grc' dir='ltr'><strong><em>ἦττον</em></strong></span> <span class='ocrx_word' id='word_1_20' title='bbox 1002 1098 1038 1163; x_wconf 85' lang='grc' dir='ltr'><strong><em>ἐν</em></strong></span> <span class='ocrx_word' id='word_1_21' title='bbox 1066 1101 1107 1192; x_wconf 77' lang='grc' dir='ltr'><strong><em>τῇ</em></strong></span> <span class='ocrx_word' id='word_1_22' title='bbox 1136 1100 1279 1184; x_wconf 76' lang='grc' dir='ltr'><em>πολεμίᾳ</em></span> <span class='ocrx_word' id='word_1_23' title='bbox 1309 1097 1425 1180; x_wconf 73' lang='grc' dir='ltr'><strong><em>χρῆναι</em></strong></span> <span class='ocrx_word' id='word_1_24' title='bbox 1456 1093 1476 1178; x_wconf 79' lang='grc' dir='ltr'><em>ἢ</em></span> <span class='ocrx_word' id='word_1_25' title='bbox 1505 1096 1541 1162; x_wconf 89' lang='grc' dir='ltr'><strong><em>ἐν</em></strong></span> <span class='ocrx_word' id='word_1_26' title='bbox 1571 1100 1612 1191; x_wconf 81' lang='grc' dir='ltr'><strong><em>τῇ</em></strong></span> <span class='ocrx_word' id='word_1_27' title='bbox 1638 1097 1733 1181; x_wconf 85' lang='grc' dir='ltr'><strong><em>φιλίᾳ</em></strong></span> <span class='ocrx_word' id='word_1_28' title='bbox 1755 1093 1943 1178; x_wconf 81' lang='grc' dir='ltr'><em>συμμάχους</em></span> <span class='ocrx_word' id='word_1_29' title='bbox 1965 1099 2139 1159; x_wconf 86' lang='grc' dir='ltr'><strong><em>ποιεῖσθαι</em></strong></span> 
     </span>
    </p>
   </div>
   <div class='ocr_carea' id='block_1_4' title="bbox 566 1209 2152 1301">
    <p class='ocr_par' dir='ltr' id='par_1_4' title="bbox 566 1209 2152 1301">
     <span class='ocr_line' id='line_1_6' title="bbox 566 1209 2152 1301; baseline -0.001 -22"><span class='ocrx_word' id='word_1_30' title='bbox 566 1263 568 1270; x_wconf 71' lang='grc'><strong><em>.</em></strong></span> <span class='ocrx_word' id='word_1_31' title='bbox 662 1216 695 1279; x_wconf 88' lang='lat' dir='ltr'><strong><em>ll.</em></strong></span> <span class='ocrx_word' id='word_1_32' title='bbox 720 1219 828 1292; x_wconf 88' lang='grc' dir='ltr'><strong><em>ἱκέτας</em></strong></span> <span class='ocrx_word' id='word_1_33' title='bbox 855 1216 888 1280; x_wconf 76' lang='grc' dir='ltr'><strong><em>δὲ</em></strong></span> <span class='ocrx_word' id='word_1_34' title='bbox 916 1220 1008 1282; x_wconf 88' lang='grc' dir='ltr'><strong><em>θεῶν</em></strong></span> <span class='ocrx_word' id='word_1_35' title='bbox 1037 1211 1114 1282; x_wconf 73' lang='grc' dir='ltr'><strong><em>οὐδὲ</em></strong></span> <span class='ocrx_word' id='word_1_36' title='bbox 1141 1211 1278 1301; x_wconf 80' lang='grc' dir='ltr'><strong><em>ἐχθρούς</em></strong></span> <span class='ocrx_word' id='word_1_37' title='bbox 1300 1212 1462 1292; x_wconf 86' lang='grc' dir='ltr'><strong><em>ἐβιάζετο,</em></strong></span> <span class='ocrx_word' id='word_1_38' title='bbox 1490 1216 1627 1295; x_wconf 77' lang='grc' dir='ltr'><strong><em>νομίζων</em></strong></span> <span class='ocrx_word' id='word_1_39' title='bbox 1653 1211 1772 1294; x_wconf 77' lang='grc' dir='ltr'><strong><em>ἄλογον</em></strong></span> <span class='ocrx_word' id='word_1_40' title='bbox 1802 1215 1888 1279; x_wconf 80' lang='grc' dir='ltr'><strong><em>εἶναι</em></strong></span> <span class='ocrx_word' id='word_1_41' title='bbox 1916 1209 1988 1290; x_wconf 80' lang='grc' dir='ltr'><strong><em>τούς</em></strong></span> <span class='ocrx_word' id='word_1_42' title='bbox 2017 1219 2078 1295; x_wconf 77' lang='grc' dir='ltr'><strong><em>μὲν</em></strong></span> <span class='ocrx_word' id='word_1_43' title='bbox 2107 1212 2152 1290; x_wconf 84' lang='grc' dir='ltr'><strong><em>ἐξ.</em></strong></span> 
     </span>
    </p>
   </div>
   <div class='ocr_carea' id='block_1_5' title="bbox 661 1326 2144 1786">
    <p class='ocr_par' dir='ltr' id='par_1_5' title="bbox 661 1326 2144 1786">
     <span class='ocr_line' id='line_1_7' title="bbox 661 1326 2143 1420; baseline -0.003 -21"><span class='ocrx_word' id='word_1_44' title='bbox 661 1340 756 1420; x_wconf 89' lang='grc' dir='ltr'><strong><em>ἱερῶν</em></strong></span> <span class='ocrx_word' id='word_1_45' title='bbox 777 1337 976 1410; x_wconf 84' lang='grc' dir='ltr'><strong><em>κλέπτοντας</em></strong></span> <span class='ocrx_word' id='word_1_46' title='bbox 998 1331 1177 1420; x_wconf 72' lang='grc' dir='ltr'><strong><em>ἱεροσύλους</em></strong></span> <span class='ocrx_word' id='word_1_47' title='bbox 1200 1336 1321 1412; x_wconf 80' lang='grc' dir='ltr'><strong><em>καλεῖν,</em></strong></span> <span class='ocrx_word' id='word_1_48' title='bbox 1345 1333 1419 1411; x_wconf 84' lang='grc' dir='ltr'><strong><em>τούς</em></strong></span> <span class='ocrx_word' id='word_1_49' title='bbox 1444 1334 1480 1399; x_wconf 83' lang='grc' dir='ltr'><strong><em>δὲ</em></strong></span> <span class='ocrx_word' id='word_1_50' title='bbox 1494 1339 1617 1416; x_wconf 89' lang='grc' dir='ltr'><strong><em>βωμῶν</em></strong></span> <span class='ocrx_word' id='word_1_51' title='bbox 1632 1338 1739 1410; x_wconf 90' lang='grc' dir='ltr'><strong><em>ἱκέτας</em></strong></span> <span class='ocrx_word' id='word_1_52' title='bbox 1759 1330 1979 1409; x_wconf 85' lang='grc' dir='ltr'><strong><em>άποσπῶντας</em></strong></span> <span class='ocrx_word' id='word_1_53' title='bbox 2000 1326 2143 1409; x_wconf 80' lang='grc' dir='ltr'><strong><em>εόσεβεῖς</em></strong></span> 
     </span>
     <span class='ocr_line' id='line_1_8' title="bbox 662 1443 2142 1539; baseline -0.001 -21"><span class='ocrx_word' id='word_1_54' title='bbox 662 1451 820 1539; x_wconf 75' lang='grc' dir='ltr'><strong><em>ἡγεῖσθαι.</em></strong></span> <span class='ocrx_word' id='word_1_55' title='bbox 866 1452 913 1515; x_wconf 85' lang='grc' dir='ltr'><strong><em>ΙΙΙ.</em></strong></span> <span class='ocrx_word' id='word_1_56' title='bbox 937 1443 1059 1530; x_wconf 83' lang='grc' dir='ltr'><strong><em>ἐκεῖνός</em></strong></span> <span class='ocrx_word' id='word_1_57' title='bbox 1080 1479 1116 1535; x_wconf 89' lang='grc' dir='ltr'><strong><em>γε</em></strong></span> <span class='ocrx_word' id='word_1_58' title='bbox 1137 1453 1202 1536; x_wconf 79' lang='grc' dir='ltr'><strong><em>μην</em></strong></span> <span class='ocrx_word' id='word_1_59' title='bbox 1217 1450 1329 1535; x_wconf 88' lang='grc' dir='ltr'><strong><em>ύμνῶν</em></strong></span> <span class='ocrx_word' id='word_1_60' title='bbox 1345 1451 1465 1520; x_wconf 74' lang='grc' dir='ltr'><strong><em>ὀὔποτ’</em></strong></span> <span class='ocrx_word' id='word_1_61' title='bbox 1491 1451 1615 1538; x_wconf 73' lang='grc' dir='ltr'><strong><em>ἔληγεν,</em></strong></span> <span class='ocrx_word' id='word_1_62' title='bbox 1640 1449 1683 1529; x_wconf 88' lang='grc' dir='ltr'><strong><em>ῶς</em></strong></span> <span class='ocrx_word' id='word_1_63' title='bbox 1705 1451 1777 1529; x_wconf 85' lang='grc' dir='ltr'><strong><em>τούς</em></strong></span> <span class='ocrx_word' id='word_1_64' title='bbox 1801 1451 1901 1528; x_wconf 84' lang='grc' dir='ltr'><strong><em>θεούς</em></strong></span> <span class='ocrx_word' id='word_1_65' title='bbox 1921 1455 2021 1515; x_wconf 83' lang='grc' dir='ltr'><strong><em>οἴοιτο</em></strong></span> <span class='ocrx_word' id='word_1_66' title='bbox 2045 1448 2142 1517; x_wconf 74' lang='grc' dir='ltr'><strong><em>οὐδὲν</em></strong></span> 
     </span>
     <span class='ocr_line' id='line_1_9' title="bbox 662 1562 2141 1659; baseline -0.001 -23"><span class='ocrx_word' id='word_1_67' title='bbox 662 1562 755 1656; x_wconf 73' lang='grc' dir='ltr'><strong><em>ἱμτον</em></strong></span> <span class='ocrx_word' id='word_1_68' title='bbox 777 1567 874 1648; x_wconf 83' lang='grc' dir='ltr'><strong><em>όσίοις</em></strong></span> <span class='ocrx_word' id='word_1_69' title='bbox 898 1569 999 1659; x_wconf 69' lang='grc' dir='ltr'><strong><em>ἔργοις</em></strong></span> <span class='ocrx_word' id='word_1_70' title='bbox 1023 1568 1168 1658; x_wconf 69' lang='grc' dir='ltr'><strong><em>ἢάγνοιῖς</em></strong></span> <span class='ocrx_word' id='word_1_71' title='bbox 1189 1577 1284 1659; x_wconf 80' lang='grc' dir='ltr'><strong><em>ἱεροῖς</em></strong></span> <span class='ocrx_word' id='word_1_72' title='bbox 1306 1566 1458 1658; x_wconf 69' lang='grc' dir='ltr'><strong><em>ἥδεσθαι.</em></strong></span> <span class='ocrx_word' id='word_1_73' title='bbox 1503 1569 1555 1633; x_wconf 92' lang='lat' dir='ltr'><strong><em>IV.</em></strong></span> <span class='ocrx_word' id='word_1_74' title='bbox 1580 1567 1666 1635; x_wconf 76' lang='grc' dir='ltr'><strong><em>άλλοὶ</em></strong></span> <span class='ocrx_word' id='word_1_75' title='bbox 1690 1571 1755 1657; x_wconf 83' lang='grc' dir='ltr'><strong><em>μην</em></strong></span> <span class='ocrx_word' id='word_1_76' title='bbox 1777 1581 1832 1635; x_wconf 83' lang='grc' dir='ltr'><strong><em>καὶ</em></strong></span> <span class='ocrx_word' id='word_1_77' title='bbox 1855 1567 1959 1635; x_wconf 79' lang='grc' dir='ltr'><strong><em>ὁπότε</em></strong></span> <span class='ocrx_word' id='word_1_78' title='bbox 1980 1565 2141 1655; x_wconf 82' lang='grc' dir='ltr'><strong><em>εύτυχοίη,</em></strong></span> 
     </span>
     <span class='ocr_line' id='line_1_10' title="bbox 662 1679 2144 1786; baseline -0.001 -32"><span class='ocrx_word' id='word_1_79' title='bbox 662 1689 719 1756; x_wconf 70' lang='grc' dir='ltr'><strong><em>οιῖκ</em></strong></span> <span class='ocrx_word' id='word_1_80' title='bbox 735 1679 926 1774; x_wconf 78' lang='grc' dir='ltr'><strong><em>α’νθρῶπων</em></strong></span> <span class='ocrx_word' id='word_1_81' title='bbox 941 1680 1159 1777; x_wconf 67' lang='grc' dir='ltr'><strong><em>ὑπερεφρόνει,</em></strong></span> <span class='ocrx_word' id='word_1_82' title='bbox 1176 1689 1263 1755; x_wconf 85' lang='grc' dir='ltr'><strong><em>άλλά</em></strong></span> <span class='ocrx_word' id='word_1_83' title='bbox 1281 1699 1369 1767; x_wconf 83' lang='grc' dir='ltr'><strong><em>θεοῖς</em></strong></span> <span class='ocrx_word' id='word_1_84' title='bbox 1385 1687 1483 1774; x_wconf 85' lang='grc' dir='ltr'><strong><em>χάριν</em></strong></span> <span class='ocrx_word' id='word_1_85' title='bbox 1499 1683 1579 1786; x_wconf 74' lang='grc' dir='ltr'><strong><em>ᾔδει.</em></strong></span> <span class='ocrx_word' id='word_1_86' title='bbox 1609 1688 1648 1753; x_wconf 92' lang='lat' dir='ltr'><strong><em>V.</em></strong></span> <span class='ocrx_word' id='word_1_87' title='bbox 1665 1701 1721 1754; x_wconf 82' lang='grc' dir='ltr'><strong><em>καῖ</em></strong></span> <span class='ocrx_word' id='word_1_88' title='bbox 1737 1694 1874 1776; x_wconf 90' lang='grc' dir='ltr'><strong><em>θαρρῶν</em></strong></span> <span class='ocrx_word' id='word_1_89' title='bbox 1889 1692 2024 1754; x_wconf 83' lang='grc' dir='ltr'><strong><em>πλείονα</em></strong></span> <span class='ocrx_word' id='word_1_90' title='bbox 2040 1688 2144 1755; x_wconf 73' lang='grc' dir='ltr'><strong><em>ἔθυεν</em></strong></span> 
     </span>
    </p>
   </div>
   <div class='ocr_carea' id='block_1_6' title="bbox 660 1805 2241 1896">
    <p class='ocr_par' dir='ltr' id='par_1_6' title="bbox 660 1805 2241 1896">
     <span class='ocr_line' id='line_1_11' title="bbox 660 1805 2241 1896; baseline -0.002 -22"><span class='ocrx_word' id='word_1_91' title='bbox 660 1809 682 1895; x_wconf 77' lang='grc' dir='ltr'><em>ἢ</em></span> <span class='ocrx_word' id='word_1_92' title='bbox 703 1805 807 1876; x_wconf 84' lang='grc' dir='ltr'><strong><em>όκυῶν</em></strong></span> <span class='ocrx_word' id='word_1_93' title='bbox 829 1805 951 1896; x_wconf 83' lang='grc' dir='ltr'><strong><em>ηύχετο.</em></strong></span> <span class='ocrx_word' id='word_1_94' title='bbox 997 1809 1048 1872; x_wconf 92' lang='lat' dir='ltr'><strong><em>VI.</em></strong></span> <span class='ocrx_word' id='word_1_95' title='bbox 1064 1813 1190 1875; x_wconf 83' lang='grc' dir='ltr'><strong><em>εἴθιστο</em></strong></span> <span class='ocrx_word' id='word_1_96' title='bbox 1214 1810 1249 1875; x_wconf 77' lang='grc' dir='ltr'><strong><em>δὲ</em></strong></span> <span class='ocrx_word' id='word_1_97' title='bbox 1272 1808 1471 1892; x_wconf 87' lang='grc' dir='ltr'><strong><em>φοβούμενος</em></strong></span> <span class='ocrx_word' id='word_1_98' title='bbox 1493 1816 1555 1892; x_wconf 80' lang='grc' dir='ltr'><strong><em>μὲν</em></strong></span> <span class='ocrx_word' id='word_1_99' title='bbox 1575 1808 1691 1894; x_wconf 86' lang='grc' dir='ltr'><strong><em>ἱλαρός</em></strong></span> <span class='ocrx_word' id='word_1_100' title='bbox 1714 1815 1907 1892; x_wconf 87' lang='grc' dir='ltr'><strong><em>φαίνεσθαι,</em></strong></span> <span class='ocrx_word' id='word_1_101' title='bbox 1935 1805 2082 1890; x_wconf 75' lang='grc' dir='ltr'><strong><em>εὐτυχῶν</em></strong></span> <span class='ocrx_word' id='word_1_102' title='bbox 2105 1807 2142 1872; x_wconf 81' lang='grc' dir='ltr'><strong><em>δὲ</em></strong></span> <span class='ocrx_word' id='word_1_103' title='bbox 2233 1858 2241 1889; x_wconf 55' lang='lat' dir='ltr'><em>z</em></span> 
     </span>
    </p>
   </div>
   <div class='ocr_carea' id='block_1_7' title="bbox 663 1929 2155 3701">
    <p class='ocr_par' dir='ltr' id='par_1_7' title="bbox 663 1929 1436 2102">
     <span class='ocr_line' id='line_1_12' title="bbox 663 1929 888 2017; baseline -0.013 -22"><span class='ocrx_word' id='word_1_104' title='bbox 663 1929 767 2017; x_wconf 76' lang='grc' dir='ltr'><strong><em>πρᾷος</em></strong></span> <span class='ocrx_word' id='word_1_105' title='bbox 791 1931 888 1994; x_wconf 81' lang='grc' dir='ltr'><strong><em>εἶναι.</em></strong></span> 
     </span>
     <span class='ocr_line' id='line_1_13' title="bbox 1099 2030 1436 2102; baseline -0.003 0"><span class='ocrx_word' id='word_1_106' title='bbox 1099 2030 1219 2102; x_wconf 90' lang='lat' dir='ltr'>Pars</span> <span class='ocrx_word' id='word_1_107' title='bbox 1260 2033 1436 2102; x_wconf 86' lang='lat' dir='ltr'><strong>altera.</strong></span> 
     </span>
    </p>

    <p class='ocr_par' dir='ltr' id='par_1_8' title="bbox 663 2178 2155 3701">
     <span class='ocr_line' id='line_1_14' title="bbox 765 2178 2141 2270; baseline 0.001 -26"><span class='ocrx_word' id='word_1_108' title='bbox 765 2181 829 2245; x_wconf 91' lang='lat' dir='ltr'><strong><em>VII.</em></strong></span> <span class='ocrx_word' id='word_1_109' title='bbox 838 2187 903 2248; x_wconf 89' lang='grc' dir='ltr'><strong><em>τῶν</em></strong></span> <span class='ocrx_word' id='word_1_110' title='bbox 910 2209 946 2263; x_wconf 89' lang='grc' dir='ltr'><strong><em>γε</em></strong></span> <span class='ocrx_word' id='word_1_111' title='bbox 953 2184 1127 2269; x_wconf 80' lang='grc' dir='ltr'><strong><em>μηνφίλων</em></strong></span> <span class='ocrx_word' id='word_1_112' title='bbox 1135 2181 1172 2249; x_wconf 84' lang='grc' dir='ltr'><strong><em>ού</em></strong></span> <span class='ocrx_word' id='word_1_113' title='bbox 1183 2184 1258 2261; x_wconf 85' lang='grc' dir='ltr'><strong><em>τούς</em></strong></span> <span class='ocrx_word' id='word_1_114' title='bbox 1266 2184 1522 2266; x_wconf 75' lang='grc' dir='ltr'><strong><em>δυνατωτάτους,</em></strong></span> <span class='ocrx_word' id='word_1_115' title='bbox 1535 2182 1622 2251; x_wconf 84' lang='grc' dir='ltr'><strong><em>άλλά</em></strong></span> <span class='ocrx_word' id='word_1_116' title='bbox 1634 2183 1708 2260; x_wconf 84' lang='grc' dir='ltr'><strong><em>τούς</em></strong></span> <span class='ocrx_word' id='word_1_117' title='bbox 1714 2180 1985 2270; x_wconf 86' lang='grc' dir='ltr'><strong><em>προθυμοτάτους</em></strong></span> <span class='ocrx_word' id='word_1_118' title='bbox 1996 2178 2141 2264; x_wconf 85' lang='grc' dir='ltr'><strong><em>μάλιστα</em></strong></span> 
     </span>
     <span class='ocr_line' id='line_1_15' title="bbox 663 2293 2144 2388; baseline -0.001 -22"><span class='ocrx_word' id='word_1_119' title='bbox 663 2297 834 2387; x_wconf 76' lang='grc' dir='ltr'><strong><em>η’σπάζετο.</em></strong></span> <span class='ocrx_word' id='word_1_120' title='bbox 851 2301 930 2364; x_wconf 89' lang='lat' dir='ltr'>VIII.</span> <span class='ocrx_word' id='word_1_121' title='bbox 940 2303 1041 2386; x_wconf 87' lang='grc' dir='ltr'><strong><em>ἐμίσει</em></strong></span> <span class='ocrx_word' id='word_1_122' title='bbox 1053 2304 1087 2368; x_wconf 78' lang='grc' dir='ltr'><strong><em>δὲ</em></strong></span> <span class='ocrx_word' id='word_1_123' title='bbox 1098 2301 1156 2370; x_wconf 89' lang='grc' dir='ltr'><strong><em>ούκ</em></strong></span> <span class='ocrx_word' id='word_1_124' title='bbox 1167 2307 1201 2368; x_wconf 80' lang='grc' dir='ltr'><strong><em>εἴ</em></strong></span> <span class='ocrx_word' id='word_1_125' title='bbox 1212 2330 1258 2381; x_wconf 90' lang='grc' dir='ltr'><strong><em>τις</em></strong></span> <span class='ocrx_word' id='word_1_126' title='bbox 1269 2309 1376 2381; x_wconf 92' lang='grc' dir='ltr'><strong><em>κακῶς</em></strong></span> <span class='ocrx_word' id='word_1_127' title='bbox 1390 2293 1526 2388; x_wconf 89' lang='grc' dir='ltr'><strong><em>πάσχων</em></strong></span> <span class='ocrx_word' id='word_1_128' title='bbox 1540 2294 1689 2388; x_wconf 75' lang='grc' dir='ltr'><strong><em>η’μύνετο,</em></strong></span> <span class='ocrx_word' id='word_1_129' title='bbox 1701 2301 1770 2368; x_wconf 76' lang='grc' dir='ltr'><strong><em>ἀλλ’</em></strong></span> <span class='ocrx_word' id='word_1_130' title='bbox 1781 2307 1869 2379; x_wconf 81' lang='grc' dir='ltr'><strong><em>εἴτις</em></strong></span> <span class='ocrx_word' id='word_1_131' title='bbox 1880 2298 2144 2388; x_wconf 75' lang='grc' dir='ltr'><strong><em>εὐεργετούμενος</em></strong></span> 
     </span>
     <span class='ocr_line' id='line_1_16' title="bbox 663 2410 2144 2510; baseline -0.001 -26"><span class='ocrx_word' id='word_1_132' title='bbox 663 2410 835 2503; x_wconf 84' lang='grc' dir='ltr'><strong><em>άχάριστος</em></strong></span> <span class='ocrx_word' id='word_1_133' title='bbox 857 2433 1014 2502; x_wconf 88' lang='grc' dir='ltr'><strong><em>φαίνοιτο.</em></strong></span> <span class='ocrx_word' id='word_1_134' title='bbox 1059 2420 1103 2483; x_wconf 91' lang='lat' dir='ltr'><strong><em>IX</em></strong></span> <span class='ocrx_word' id='word_1_135' title='bbox 1116 2424 1136 2483; x_wconf 88' lang='lat'><strong><em>¹.</em></strong></span> <span class='ocrx_word' id='word_1_136' title='bbox 1151 2422 1262 2510; x_wconf 74' lang='grc' dir='ltr'><strong><em>ἔχαιρε</em></strong></span> <span class='ocrx_word' id='word_1_137' title='bbox 1284 2424 1321 2488; x_wconf 78' lang='grc' dir='ltr'><strong><em>δὲ</em></strong></span> <span class='ocrx_word' id='word_1_138' title='bbox 1342 2422 1417 2500; x_wconf 84' lang='grc' dir='ltr'><strong><em>τούς</em></strong></span> <span class='ocrx_word' id='word_1_139' title='bbox 1444 2431 1504 2506; x_wconf 70' lang='grc' dir='ltr'><strong><em>μὲν</em></strong></span> <span class='ocrx_word' id='word_1_140' title='bbox 1526 2424 1758 2510; x_wconf 74' lang='grc' dir='ltr'><strong><em>αἰσχροκερδεῖς</em></strong></span> <span class='ocrx_word' id='word_1_141' title='bbox 1785 2434 1928 2504; x_wconf 79' lang='grc' dir='ltr'><strong><em>πένητας</em></strong></span> <span class='ocrx_word' id='word_1_142' title='bbox 1952 2418 2045 2504; x_wconf 78' lang='grc' dir='ltr'><strong><em>δρῶν,</em></strong></span> <span class='ocrx_word' id='word_1_143' title='bbox 2069 2418 2144 2495; x_wconf 83' lang='grc' dir='ltr'><strong><em>τούς</em></strong></span> 
     </span>
     <span class='ocr_line' id='line_1_17' title="bbox 665 2533 2144 2626; baseline -0.001 -23"><span class='ocrx_word' id='word_1_144' title='bbox 665 2540 699 2603; x_wconf 69' lang='grc' dir='ltr'><strong><em>δὲ</em></strong></span> <span class='ocrx_word' id='word_1_145' title='bbox 723 2541 867 2616; x_wconf 85' lang='grc' dir='ltr'><strong><em>δικαίους</em></strong></span> <span class='ocrx_word' id='word_1_146' title='bbox 893 2542 1062 2617; x_wconf 88' lang='grc' dir='ltr'><strong><em>πλουσίους</em></strong></span> <span class='ocrx_word' id='word_1_147' title='bbox 1092 2547 1205 2614; x_wconf 90' lang='grc' dir='ltr'><strong><em>ποιῶν,</em></strong></span> <span class='ocrx_word' id='word_1_148' title='bbox 1239 2540 1298 2621; x_wconf 90' lang='lat' dir='ltr'><strong><em>(IX</em></strong></span> <span class='ocrx_word' id='word_1_149' title='bbox 1310 2541 1336 2622; x_wconf 78' lang='lat'><strong><em>²)</em></strong></span> <span class='ocrx_word' id='word_1_150' title='bbox 1366 2542 1559 2625; x_wconf 87' lang='grc' dir='ltr'><strong><em>βουλόμενος</em></strong></span> <span class='ocrx_word' id='word_1_151' title='bbox 1593 2541 1652 2626; x_wconf 80' lang='grc' dir='ltr'><strong><em>τήν</em></strong></span> <span class='ocrx_word' id='word_1_152' title='bbox 1687 2539 1894 2623; x_wconf 83' lang='grc' dir='ltr'><strong><em>δικαιοσύνην</em></strong></span> <span class='ocrx_word' id='word_1_153' title='bbox 1925 2544 1981 2625; x_wconf 82' lang='grc' dir='ltr'><strong><em>τῆς</em></strong></span> <span class='ocrx_word' id='word_1_154' title='bbox 2015 2533 2144 2615; x_wconf 83' lang='grc' dir='ltr'><strong><em>άδικίας</em></strong></span> 
     </span>
     <span class='ocr_line' id='line_1_18' title="bbox 665 2657 2143 2747; baseline -0.002 -25"><span class='ocrx_word' id='word_1_155' title='bbox 665 2662 927 2747; x_wconf 70' lang='grc' dir='ltr'><strong><em>κερδαλεωτέραν</em></strong></span> <span class='ocrx_word' id='word_1_156' title='bbox 949 2659 1162 2725; x_wconf 87' lang='grc' dir='ltr'><strong><em>καθιστάναι.</em></strong></span> <span class='ocrx_word' id='word_1_157' title='bbox 1217 2659 1258 2722; x_wconf 82' lang='grc' dir='ltr'><strong><em>Χ.</em></strong></span> <span class='ocrx_word' id='word_1_158' title='bbox 1289 2658 1376 2744; x_wconf 73' lang='grc' dir='ltr'><strong><em>ἤσκει</em></strong></span> <span class='ocrx_word' id='word_1_159' title='bbox 1405 2662 1439 2727; x_wconf 84' lang='grc' dir='ltr'><strong><em>δέ</em></strong></span> <span class='ocrx_word' id='word_1_160' title='bbox 1468 2662 1632 2744; x_wconf 85' lang='grc' dir='ltr'><strong><em>ἐξομιλεῖν</em></strong></span> <span class='ocrx_word' id='word_1_161' title='bbox 1653 2667 1714 2744; x_wconf 77' lang='grc' dir='ltr'><strong><em>μὲν</em></strong></span> <span class='ocrx_word' id='word_1_162' title='bbox 1737 2660 1971 2738; x_wconf 84' lang='grc' dir='ltr'><strong><em>παντοδαποῖς,</em></strong></span> <span class='ocrx_word' id='word_1_163' title='bbox 1994 2657 2143 2742; x_wconf 77' lang='grc' dir='ltr'><strong><em>χρῆσθαι</em></strong></span> 
     </span>
     <span class='ocr_line' id='line_1_19' title="bbox 665 2767 2145 2867; baseline 0.001 -26"><span class='ocrx_word' id='word_1_164' title='bbox 665 2779 698 2841; x_wconf 75' lang='grc' dir='ltr'><strong><em>δέ</em></strong></span> <span class='ocrx_word' id='word_1_165' title='bbox 722 2795 787 2855; x_wconf 84' lang='grc' dir='ltr'><strong><em>τοῖς</em></strong></span> <span class='ocrx_word' id='word_1_166' title='bbox 810 2776 960 2859; x_wconf 80' lang='grc' dir='ltr'><strong><em>α’γαθοῑς.</em></strong></span> <span class='ocrx_word' id='word_1_167' title='bbox 1004 2777 1058 2841; x_wconf 89' lang='lat' dir='ltr'><strong><em>XI.</em></strong></span> <span class='ocrx_word' id='word_1_168' title='bbox 1082 2776 1179 2843; x_wconf 81' lang='grc' dir='ltr'><strong><em>ὁπότε</em></strong></span> <span class='ocrx_word' id='word_1_169' title='bbox 1203 2780 1239 2844; x_wconf 79' lang='grc' dir='ltr'><strong><em>δὲ</em></strong></span> <span class='ocrx_word' id='word_1_170' title='bbox 1264 2779 1434 2867; x_wconf 76' lang='grc' dir='ltr'><strong><em>Ψεγόντων</em></strong></span> <span class='ocrx_word' id='word_1_171' title='bbox 1450 2778 1470 2867; x_wconf 72' lang='grc' dir='ltr'><em>ἢ</em></span> <span class='ocrx_word' id='word_1_172' title='bbox 1485 2780 1712 2847; x_wconf 71' lang='grc' dir='ltr'><strong><em>ἐπαινούντων</em></strong></span> <span class='ocrx_word' id='word_1_173' title='bbox 1726 2779 1820 2856; x_wconf 84' lang='grc' dir='ltr'><strong><em>τινάς</em></strong></span> <span class='ocrx_word' id='word_1_174' title='bbox 1836 2768 1955 2852; x_wconf 88' lang='grc' dir='ltr'><strong><em>άκούοι,</em></strong></span> <span class='ocrx_word' id='word_1_175' title='bbox 1971 2774 2030 2858; x_wconf 84' lang='grc' dir='ltr'><strong><em>ούχ</em></strong></span> <span class='ocrx_word' id='word_1_176' title='bbox 2045 2767 2145 2862; x_wconf 78' lang='grc' dir='ltr'><strong><em>ἧττον</em></strong></span> 
     </span>
     <span class='ocr_line' id='line_1_20' title="bbox 664 2887 2146 2986; baseline 0 -25"><span class='ocrx_word' id='word_1_177' title='bbox 664 2893 741 2986; x_wconf 77' lang='grc' dir='ltr'><strong><em>ᾤετο</em></strong></span> <span class='ocrx_word' id='word_1_178' title='bbox 764 2897 1043 2980; x_wconf 64' lang='grc' dir='ltr'><strong><em>καταμανθάνειν</em></strong></span> <span class='ocrx_word' id='word_1_179' title='bbox 1065 2898 1138 2975; x_wconf 80' lang='grc' dir='ltr'><strong><em>τούς</em></strong></span> <span class='ocrx_word' id='word_1_180' title='bbox 1161 2904 1225 2964; x_wconf 91' lang='grc' dir='ltr'><strong><em>τῶν</em></strong></span> <span class='ocrx_word' id='word_1_181' title='bbox 1248 2887 1410 2979; x_wconf 84' lang='grc' dir='ltr'><strong><em>λεγόντων</em></strong></span> <span class='ocrx_word' id='word_1_182' title='bbox 1425 2897 1566 2983; x_wconf 85' lang='grc' dir='ltr'><strong><em>τρόπους</em></strong></span> <span class='ocrx_word' id='word_1_183' title='bbox 1588 2896 1608 2985; x_wconf 77' lang='grc' dir='ltr'><em>ἢ</em></span> <span class='ocrx_word' id='word_1_184' title='bbox 1627 2909 1701 2982; x_wconf 79' lang='grc' dir='ltr'><strong><em>περὶ</em></strong></span> <span class='ocrx_word' id='word_1_185' title='bbox 1723 2887 1770 2962; x_wconf 90' lang='grc' dir='ltr'><strong><em>ῶν</em></strong></span> <span class='ocrx_word' id='word_1_186' title='bbox 1792 2899 1923 2978; x_wconf 81' lang='grc' dir='ltr'><strong><em>λέγοιεν.</em></strong></span> <span class='ocrx_word' id='word_1_187' title='bbox 1974 2893 2031 2957; x_wconf 89' lang='lat' dir='ltr'><strong><em>XII</em></strong></span> <span class='ocrx_word' id='word_1_188' title='bbox 2048 2895 2066 2958; x_wconf 88' lang='lat'><strong><em>¹.</em></strong></span> <span class='ocrx_word' id='word_1_189' title='bbox 2089 2907 2146 2961; x_wconf 83' lang='grc' dir='ltr'><strong><em>καῖ</em></strong></span> 
     </span>
     <span class='ocr_line' id='line_1_21' title="bbox 664 2999 2151 3106; baseline -0.001 -26"><span class='ocrx_word' id='word_1_190' title='bbox 664 3013 737 3093; x_wconf 84' lang='grc' dir='ltr'><strong><em>τούς</em></strong></span> <span class='ocrx_word' id='word_1_191' title='bbox 758 3023 819 3098; x_wconf 71' lang='grc' dir='ltr'><strong><em>μὲν</em></strong></span> <span class='ocrx_word' id='word_1_192' title='bbox 842 3014 905 3082; x_wconf 84' lang='grc' dir='ltr'><strong><em>ύπό</em></strong></span> <span class='ocrx_word' id='word_1_193' title='bbox 928 3019 1030 3100; x_wconf 90' lang='grc' dir='ltr'><strong><em>φίλων</em></strong></span> <span class='ocrx_word' id='word_1_194' title='bbox 1052 2999 1324 3100; x_wconf 72' lang='grc' dir='ltr'><strong><em>ἐξαπατωμένους</em></strong></span> <span class='ocrx_word' id='word_1_195' title='bbox 1347 3015 1403 3083; x_wconf 82' lang='grc' dir='ltr'><strong><em>οόκ</em></strong></span> <span class='ocrx_word' id='word_1_196' title='bbox 1426 3016 1536 3106; x_wconf 72' lang='grc' dir='ltr'><strong><em>ἔψεγε,</em></strong></span> <span class='ocrx_word' id='word_1_197' title='bbox 1560 3018 1637 3094; x_wconf 85' lang='grc' dir='ltr'><strong><em>,τούς</em></strong></span> <span class='ocrx_word' id='word_1_198' title='bbox 1660 3019 1693 3081; x_wconf 76' lang='grc' dir='ltr'><strong><em>δὲ</em></strong></span> <span class='ocrx_word' id='word_1_199' title='bbox 1717 3014 1782 3084; x_wconf 83' lang='grc' dir='ltr'><strong><em>ύπδ</em></strong></span> <span class='ocrx_word' id='word_1_200' title='bbox 1807 3019 1972 3098; x_wconf 86' lang='grc' dir='ltr'><strong><em>πολεμίοιν</em></strong></span> <span class='ocrx_word' id='word_1_201' title='bbox 1993 3011 2151 3097; x_wconf 90' lang='grc' dir='ltr'><strong><em>πάμπαν·</em></strong></span> 
     </span>
     <span class='ocr_line' id='line_1_22' title="bbox 665 3130 2147 3223; baseline 0 -24"><span class='ocrx_word' id='word_1_202' title='bbox 665 3148 884 3218; x_wconf 71' lang='grc' dir='ltr'><strong><em>κατεμέμφετο</em></strong></span> <span class='ocrx_word' id='word_1_203' title='bbox 923 3134 1028 3218; x_wconf 60' lang='lat' dir='ltr'>(XIV)</span> <span class='ocrx_word' id='word_1_204' title='bbox 1058 3148 1114 3201; x_wconf 83' lang='grc' dir='ltr'><strong><em>καῖ</em></strong></span> <span class='ocrx_word' id='word_1_205' title='bbox 1147 3137 1182 3201; x_wconf 85' lang='grc' dir='ltr'><strong><em>τό</em></strong></span> <span class='ocrx_word' id='word_1_206' title='bbox 1213 3143 1275 3218; x_wconf 79' lang='grc' dir='ltr'><strong><em>μὲν</em></strong></span> <span class='ocrx_word' id='word_1_207' title='bbox 1304 3134 1524 3213; x_wconf 79' lang='grc' dir='ltr'><strong><em>α’πιστούντας</em></strong></span> <span class='ocrx_word' id='word_1_208' title='bbox 1554 3137 1731 3213; x_wconf 82' lang='grc' dir='ltr'><strong><em>ἐξαπατᾶν</em></strong></span> <span class='ocrx_word' id='word_1_209' title='bbox 1765 3132 1862 3220; x_wconf 85' lang='grc' dir='ltr'><strong><em>σοφόν</em></strong></span> <span class='ocrx_word' id='word_1_210' title='bbox 1893 3136 2006 3223; x_wconf 65' lang='grc' dir='ltr'><strong><em>ἔκρινε,</em></strong></span> <span class='ocrx_word' id='word_1_211' title='bbox 2040 3130 2076 3198; x_wconf 87' lang='grc' dir='ltr'><strong><em>τό</em></strong></span> <span class='ocrx_word' id='word_1_212' title='bbox 2109 3134 2147 3199; x_wconf 78' lang='grc' dir='ltr'><strong><em>δὲ</em></strong></span> 
     </span>
     <span class='ocr_line' id='line_1_23' title="bbox 665 3244 2147 3344; baseline 0 -25"><span class='ocrx_word' id='word_1_213' title='bbox 665 3254 875 3333; x_wconf 74' lang='grc' dir='ltr'><strong><em>πιστεύοντας</em></strong></span> <span class='ocrx_word' id='word_1_214' title='bbox 887 3253 1026 3323; x_wconf 82' lang='grc' dir='ltr'><strong><em>άνόσιον.</em></strong></span> <span class='ocrx_word' id='word_1_215' title='bbox 1053 3253 1134 3317; x_wconf 83' lang='lat' dir='ltr'>XIII.</span> <span class='ocrx_word' id='word_1_216' title='bbox 1148 3245 1381 3337; x_wconf 86' lang='grc' dir='ltr'><strong><em>ἐπαινούμενος</em></strong></span> <span class='ocrx_word' id='word_1_217' title='bbox 1398 3257 1431 3321; x_wconf 84' lang='grc' dir='ltr'><strong><em>δέ</em></strong></span> <span class='ocrx_word' id='word_1_218' title='bbox 1448 3256 1580 3344; x_wconf 71' lang='grc' dir='ltr'><strong><em>ἔχαιρεν</em></strong></span> <span class='ocrx_word' id='word_1_219' title='bbox 1597 3254 1662 3323; x_wconf 84' lang='grc' dir='ltr'><strong><em>ύπδ</em></strong></span> <span class='ocrx_word' id='word_1_220' title='bbox 1677 3262 1742 3322; x_wconf 89' lang='grc' dir='ltr'><strong><em>τῶν</em></strong></span> <span class='ocrx_word' id='word_1_221' title='bbox 1756 3267 1810 3321; x_wconf 79' lang='grc' dir='ltr'><strong><em>καὶ</em></strong></span> <span class='ocrx_word' id='word_1_222' title='bbox 1828 3266 1945 3336; x_wconf 79' lang='grc' dir='ltr'><strong><em>ψέγειν</em></strong></span> <span class='ocrx_word' id='word_1_223' title='bbox 1960 3244 2147 3321; x_wconf 85' lang='grc' dir='ltr'><strong><em>ἐθελόντων</em></strong></span> 
     </span>
     <span class='ocr_line' id='line_1_24' title="bbox 665 3370 2147 3464; baseline 0 -27"><span class='ocrx_word' id='word_1_224' title='bbox 665 3371 706 3437; x_wconf 84' lang='grc' dir='ltr'><strong><em>τά</em></strong></span> <span class='ocrx_word' id='word_1_225' title='bbox 729 3375 771 3460; x_wconf 81' lang='grc' dir='ltr'><strong><em>μη</em></strong></span> <span class='ocrx_word' id='word_1_226' title='bbox 798 3370 917 3462; x_wconf 82' lang='grc' dir='ltr'><strong><em>άρεσιά</em></strong></span> <span class='ocrx_word' id='word_1_227' title='bbox 947 3387 1002 3440; x_wconf 78' lang='grc' dir='ltr'><strong><em>καὶ</em></strong></span> <span class='ocrx_word' id='word_1_228' title='bbox 1031 3380 1094 3442; x_wconf 94' lang='grc' dir='ltr'><strong><em>τῶν</em></strong></span> <span class='ocrx_word' id='word_1_229' title='bbox 1116 3377 1427 3464; x_wconf 83' lang='grc' dir='ltr'><strong><em>παρρησιαζομένων</em></strong></span> <span class='ocrx_word' id='word_1_230' title='bbox 1453 3373 1572 3441; x_wconf 83' lang='grc' dir='ltr'><strong><em>ούδένα</em></strong></span> <span class='ocrx_word' id='word_1_231' title='bbox 1600 3370 1772 3461; x_wconf 73' lang='grc' dir='ltr'><strong><em>ἤχθραινε,</em></strong></span> <span class='ocrx_word' id='word_1_232' title='bbox 1802 3370 1875 3447; x_wconf 83' lang='grc' dir='ltr'><strong><em>τούς</em></strong></span> <span class='ocrx_word' id='word_1_233' title='bbox 1904 3373 1939 3437; x_wconf 78' lang='grc' dir='ltr'><strong><em>δὲ</em></strong></span> <span class='ocrx_word' id='word_1_234' title='bbox 1967 3382 2147 3459; x_wconf 74' lang='grc' dir='ltr'><strong><em>κρυψίνους</em></strong></span> 
     </span>
     <span class='ocr_line' id='line_1_25' title="bbox 666 3484 2155 3582; baseline -0.001 -26"><span class='ocrx_word' id='word_1_235' title='bbox 666 3487 772 3582; x_wconf 82' lang='grc' dir='ltr'><strong><em>ῶσπερ</em></strong></span> <span class='ocrx_word' id='word_1_236' title='bbox 794 3493 927 3579; x_wconf 80' lang='grc' dir='ltr'><strong><em>ἐνέδρας</em></strong></span> <span class='ocrx_word' id='word_1_237' title='bbox 948 3486 1155 3579; x_wconf 81' lang='grc' dir='ltr'><strong><em>ἐφυλάττετο.</em></strong></span> <span class='ocrx_word' id='word_1_238' title='bbox 1184 3493 1261 3557; x_wconf 87' lang='lat' dir='ltr'><strong><em>XIV</em></strong></span> <span class='ocrx_word' id='word_1_239' title='bbox 1279 3495 1297 3555; x_wconf 93' lang='lat'><strong><em>¹.</em></strong></span> <span class='ocrx_word' id='word_1_240' title='bbox 1314 3484 1387 3570; x_wconf 88' lang='grc' dir='ltr'><strong><em>τούς</em></strong></span> <span class='ocrx_word' id='word_1_241' title='bbox 1401 3520 1437 3574; x_wconf 92' lang='grc' dir='ltr'><strong><em>γε</em></strong></span> <span class='ocrx_word' id='word_1_242' title='bbox 1459 3495 1525 3579; x_wconf 82' lang='grc' dir='ltr'><strong><em>μην</em></strong></span> <span class='ocrx_word' id='word_1_243' title='bbox 1547 3492 1720 3570; x_wconf 86' lang='grc' dir='ltr'><strong><em>διαβόλους</em></strong></span> <span class='ocrx_word' id='word_1_244' title='bbox 1734 3494 1863 3573; x_wconf 80' lang='grc' dir='ltr'><strong><em>μᾶλλον</em></strong></span> <span class='ocrx_word' id='word_1_245' title='bbox 1878 3489 1898 3576; x_wconf 76' lang='grc' dir='ltr'><em>ἢ</em></span> <span class='ocrx_word' id='word_1_246' title='bbox 1914 3490 1987 3568; x_wconf 86' lang='grc' dir='ltr'><strong><em>τούς</em></strong></span> <span class='ocrx_word' id='word_1_247' title='bbox 2001 3494 2155 3568; x_wconf 80' lang='grc' dir='ltr'><strong><em>κλέπτας</em></strong></span> 
     </span>
     <span class='ocr_line' id='line_1_26' title="bbox 666 3605 2144 3701; baseline -0.006 -22"><span class='ocrx_word' id='word_1_248' title='bbox 666 3612 776 3693; x_wconf 69' lang='grc' dir='ltr'><strong><em>ἐμίσει,</em></strong></span> <span class='ocrx_word' id='word_1_249' title='bbox 801 3611 927 3695; x_wconf 65' lang='lat' dir='ltr'>(XIV2)</span> <span class='ocrx_word' id='word_1_250' title='bbox 956 3616 1051 3698; x_wconf 87' lang='grc' dir='ltr'><strong><em>μείζω</em></strong></span> <span class='ocrx_word' id='word_1_251' title='bbox 1076 3616 1193 3701; x_wconf 86' lang='grc' dir='ltr'><strong><em>ζημίαν</em></strong></span> <span class='ocrx_word' id='word_1_252' title='bbox 1219 3605 1393 3701; x_wconf 72' lang='grc' dir='ltr'><strong><em>ἡγούμενος</em></strong></span> <span class='ocrx_word' id='word_1_253' title='bbox 1416 3616 1516 3697; x_wconf 86' lang='grc' dir='ltr'><strong><em>φίλων</em></strong></span> <span class='ocrx_word' id='word_1_254' title='bbox 1540 3610 1557 3696; x_wconf 75' lang='grc' dir='ltr'><strong><em>ἢ</em></strong></span> <span class='ocrx_word' id='word_1_255' title='bbox 1578 3611 1751 3700; x_wconf 81' lang='grc' dir='ltr'><strong><em>χρημάτων</em></strong></span> <span class='ocrx_word' id='word_1_256' title='bbox 1773 3617 2006 3696; x_wconf 63' lang='grc' dir='ltr'><strong><em>στερίσκεσθαι.</em></strong></span> <span class='ocrx_word' id='word_1_257' title='bbox 2045 3607 2108 3669; x_wconf 89' lang='lat' dir='ltr'><strong><em>XV</em></strong></span> <span class='ocrx_word' id='word_1_258' title='bbox 2124 3611 2144 3669; x_wconf 94' lang='lat'><strong><em>¹.</em></strong></span> 
     </span>
    </p>
   </div>
   <div class='ocr_carea' id='block_1_8' title="bbox 666 3829 2149 3945">
    <p class='ocr_par' dir='ltr' id='par_1_9' title="bbox 666 3829 2149 3945">
     <span class='ocr_line' id='line_1_27' title="bbox 666 3829 2149 3945; baseline -0.007 -22"><span class='ocrx_word' id='word_1_259' title='bbox 666 3840 729 3929; x_wconf 60' lang='grc' dir='ltr'><strong><em>δίε.</em></strong></span> <span class='ocrx_word' id='word_1_260' title='bbox 754 3846 864 3929; x_wconf 68' lang='lat' dir='ltr'>(XV2)</span> <span class='ocrx_word' id='word_1_261' title='bbox 888 3863 1004 3935; x_wconf 85' lang='grc' dir='ltr'><strong><em>κρίνων</em></strong></span> <span class='ocrx_word' id='word_1_262' title='bbox 1030 3854 1105 3929; x_wconf 82' lang='grc' dir='ltr'><strong><em>τούς</em></strong></span> <span class='ocrx_word' id='word_1_263' title='bbox 1130 3861 1191 3935; x_wconf 79' lang='grc' dir='ltr'><strong><em>μέν</em></strong></span> <span class='ocrx_word' id='word_1_264' title='bbox 1217 3829 1321 3933; x_wconf 88' lang='grc' dir='ltr'><strong><em>όλίγα,</em></strong></span> <span class='ocrx_word' id='word_1_265' title='bbox 1344 3852 1418 3929; x_wconf 85' lang='grc' dir='ltr'><strong><em>τούς</em></strong></span> <span class='ocrx_word' id='word_1_266' title='bbox 1442 3852 1477 3916; x_wconf 78' lang='grc' dir='ltr'><strong><em>δὲ</em></strong></span> <span class='ocrx_word' id='word_1_267' title='bbox 1501 3846 1609 3915; x_wconf 78' lang='grc' dir='ltr'><strong><em>πολλά</em></strong></span> <span class='ocrx_word' id='word_1_268' title='bbox 1632 3855 1738 3924; x_wconf 90' lang='grc' dir='ltr'><strong><em>κακῶς</em></strong></span> <span class='ocrx_word' id='word_1_269' title='bbox 1763 3849 1965 3913; x_wconf 87' lang='grc' dir='ltr'><strong><em>διατιθέναι.</em></strong></span> <span class='ocrx_word' id='word_1_270' title='bbox 1999 3845 2088 3908; x_wconf 87' lang='lat' dir='ltr'><strong><em>XVI.</em></strong></span> <span class='ocrx_word' id='word_1_271' title='bbox 2106 3853 2149 3945; x_wconf 79' lang='grc' dir='ltr'><strong><em>τῇ</em></strong></span> 
     </span>
    </p>
   </div>
   <div class='ocr_carea' id='block_1_9' title="bbox 665 3962 1938 4060">
    <p class='ocr_par' dir='ltr' id='par_1_10' title="bbox 665 3962 1938 4060">
     <span class='ocr_line' id='line_1_28' title="bbox 665 3962 1938 4060; baseline 0.002 -28"><span class='ocrx_word' id='word_1_272' title='bbox 665 3970 701 4033; x_wconf 77' lang='grc' dir='ltr'><strong><em>δὲ</em></strong></span> <span class='ocrx_word' id='word_1_273' title='bbox 722 3972 874 4057; x_wconf 76' lang='grc' dir='ltr'><strong><em>βασιλείᾳ</em></strong></span> <span class='ocrx_word' id='word_1_274' title='bbox 898 3970 1071 4057; x_wconf 78' lang='grc' dir='ltr'><strong><em>προσήκειν</em></strong></span> <span class='ocrx_word' id='word_1_275' title='bbox 1094 3965 1241 4055; x_wconf 86' lang='grc' dir='ltr'><strong><em>ἐνόμιζεν</em></strong></span> <span class='ocrx_word' id='word_1_276' title='bbox 1264 3970 1302 4039; x_wconf 74' lang='grc' dir='ltr'><strong><em>ου’</em></strong></span> <span class='ocrx_word' id='word_1_277' title='bbox 1324 3972 1542 4060; x_wconf 78' lang='grc' dir='ltr'><strong><em>ῥᾳδιουργίαν,</em></strong></span> <span class='ocrx_word' id='word_1_278' title='bbox 1566 3964 1653 4034; x_wconf 82' lang='grc' dir='ltr'><strong><em>άλλά</em></strong></span> <span class='ocrx_word' id='word_1_279' title='bbox 1677 3962 1938 4048; x_wconf 82' lang='grc' dir='ltr'><strong><em>καλοκάγαθίαν.</em></strong></span> 
     </span>
    </p>
   </div>
   <div class='ocr_carea' id='block_1_10' title="bbox 1112 4156 1444 4231">
    <p class='ocr_par' dir='ltr' id='par_1_11' title="bbox 1112 4156 1444 4231">
     <span class='ocr_line' id='line_1_29' title="bbox 1112 4156 1444 4231; baseline -0.009 0"><span class='ocrx_word' id='word_1_280' title='bbox 1112 4158 1239 4231; x_wconf 83' lang='grc' dir='ltr'><strong><em>Ρετε</em></strong></span> <span class='ocrx_word' id='word_1_281' title='bbox 1277 4156 1444 4231; x_wconf 88' lang='lat' dir='ltr'><strong>tertia.</strong></span> 
     </span>
    </p>
   </div>
   <div class='ocr_carea' id='block_1_11' title="bbox 666 4289 2152 5227">
    <p class='ocr_par' dir='ltr' id='par_1_12' title="bbox 666 4289 2152 5227">
     <span class='ocr_line' id='line_1_30' title="bbox 768 4289 2149 4396; baseline -0.002 -22"><span class='ocrx_word' id='word_1_282' title='bbox 768 4320 810 4374; x_wconf 80' lang='lat' dir='ltr'><strong><em>A.</em></strong></span> <span class='ocrx_word' id='word_1_283' title='bbox 855 4306 947 4371; x_wconf 87' lang='lat' dir='ltr'>XVII</span> <span class='ocrx_word' id='word_1_284' title='bbox 965 4309 981 4370; x_wconf 89' lang='lat'><strong><em>¹.</em></strong></span> <span class='ocrx_word' id='word_1_285' title='bbox 1005 4322 1059 4376; x_wconf 85' lang='grc' dir='ltr'><strong><em>καῖ</em></strong></span> <span class='ocrx_word' id='word_1_286' title='bbox 1080 4317 1211 4396; x_wconf 77' lang='grc' dir='ltr'><strong><em>τοῦμὲν</em></strong></span> <span class='ocrx_word' id='word_1_287' title='bbox 1227 4302 1373 4393; x_wconf 85' lang='grc' dir='ltr'><strong><em>σῶματος</em></strong></span> <span class='ocrx_word' id='word_1_288' title='bbox 1389 4289 1503 4375; x_wconf 84' lang='grc' dir='ltr'><strong><em>εἰκόνα</em></strong></span> <span class='ocrx_word' id='word_1_289' title='bbox 1519 4308 1704 4393; x_wconf 82' lang='grc' dir='ltr'><strong><em>στήσασθαι</em></strong></span> <span class='ocrx_word' id='word_1_290' title='bbox 1721 4305 1881 4390; x_wconf 85' lang='grc' dir='ltr'><strong><em>οἷπέσχετο</em></strong></span> <span class='ocrx_word' id='word_1_291' title='bbox 1904 4308 2033 4372; x_wconf 84' lang='grc' dir='ltr'><strong><em>πολλῶν</em></strong></span> <span class='ocrx_word' id='word_1_292' title='bbox 2054 4303 2149 4395; x_wconf 75' lang='grc' dir='ltr'><strong><em>αύτῷ</em></strong></span> 
     </span>
     <span class='ocr_line' id='line_1_31' title="bbox 667 4422 2148 4519; baseline 0.001 -32"><span class='ocrx_word' id='word_1_293' title='bbox 667 4425 762 4489; x_wconf 80' lang='grc' dir='ltr'><strong><em>τοῦτο</em></strong></span> <span class='ocrx_word' id='word_1_294' title='bbox 775 4427 950 4511; x_wconf 86' lang='grc' dir='ltr'><strong><em>δωρεῖσθαι</em></strong></span> <span class='ocrx_word' id='word_1_295' title='bbox 967 4422 1142 4501; x_wconf 79' lang='grc' dir='ltr'><strong><em>θελόντων,</em></strong></span> <span class='ocrx_word' id='word_1_296' title='bbox 1155 4436 1209 4516; x_wconf 77' lang='grc' dir='ltr'><strong><em>τῆς</em></strong></span> <span class='ocrx_word' id='word_1_297' title='bbox 1227 4431 1260 4495; x_wconf 77' lang='grc' dir='ltr'><strong><em>δέ</em></strong></span> <span class='ocrx_word' id='word_1_298' title='bbox 1276 4434 1383 4519; x_wconf 77' lang='grc' dir='ltr'><strong><em>ψυχῆς</em></strong></span> <span class='ocrx_word' id='word_1_299' title='bbox 1401 4426 1559 4495; x_wconf 65' lang='grc' dir='ltr'><strong><em>οὐδέποτε</em></strong></span> <span class='ocrx_word' id='word_1_300' title='bbox 1571 4426 1715 4492; x_wconf 85' lang='grc' dir='ltr'><strong><em>ἐπαύετο</em></strong></span> <span class='ocrx_word' id='word_1_301' title='bbox 1726 4443 1866 4509; x_wconf 86' lang='grc' dir='ltr'><strong><em>μνημεῖα</em></strong></span> <span class='ocrx_word' id='word_1_302' title='bbox 1879 4424 2148 4506; x_wconf 88' lang='grc' dir='ltr'><strong><em>διαπονούμενος,</em></strong></span> 
     </span>
     <span class='ocr_line' id='line_1_32' title="bbox 667 4536 2149 4631; baseline 0 -22"><span class='ocrx_word' id='word_1_303' title='bbox 667 4539 774 4620; x_wconf 82' lang='lat' dir='ltr'>(XVII</span> <span class='ocrx_word' id='word_1_304' title='bbox 787 4542 812 4625; x_wconf 82' lang='lat'><strong><em>²)</em></strong></span> <span class='ocrx_word' id='word_1_305' title='bbox 828 4536 997 4629; x_wconf 74' lang='grc' dir='ltr'><strong><em>ἡγούμενος</em></strong></span> <span class='ocrx_word' id='word_1_306' title='bbox 1011 4545 1048 4612; x_wconf 85' lang='grc' dir='ltr'><strong><em>τό</em></strong></span> <span class='ocrx_word' id='word_1_307' title='bbox 1060 4557 1120 4631; x_wconf 69' lang='grc' dir='ltr'><strong><em>μὲν</em></strong></span> <span class='ocrx_word' id='word_1_308' title='bbox 1136 4548 1428 4631; x_wconf 86' lang='grc' dir='ltr'><strong><em>οἶνδριαντοποιῶν,</em></strong></span> <span class='ocrx_word' id='word_1_309' title='bbox 1450 4546 1486 4612; x_wconf 85' lang='grc' dir='ltr'><strong><em>τό</em></strong></span> <span class='ocrx_word' id='word_1_310' title='bbox 1510 4547 1544 4611; x_wconf 78' lang='grc' dir='ltr'><strong><em>δὲ</em></strong></span> <span class='ocrx_word' id='word_1_311' title='bbox 1568 4542 1668 4611; x_wconf 71' lang='grc' dir='ltr'><strong><em>αὑτοῦ</em></strong></span> <span class='ocrx_word' id='word_1_312' title='bbox 1691 4543 1784 4629; x_wconf 64' lang='grc' dir='ltr'><strong><em>ἔργον</em></strong></span> <span class='ocrx_word' id='word_1_313' title='bbox 1812 4544 1895 4610; x_wconf 70' lang='grc' dir='ltr'><strong><em>εἶναι</em></strong></span> <span class='ocrx_word' id='word_1_314' title='bbox 1919 4541 2026 4623; x_wconf 85' lang='lat' dir='ltr'>(XVII</span> <span class='ocrx_word' id='word_1_315' title='bbox 2040 4542 2063 4622; x_wconf 82' lang='lat'><strong><em>³)</em></strong></span> <span class='ocrx_word' id='word_1_316' title='bbox 2092 4555 2149 4609; x_wconf 83' lang='grc' dir='ltr'><strong><em>καὶ</em></strong></span> 
     </span>
     <span class='ocr_line' id='line_1_33' title="bbox 666 4654 2148 4752; baseline 0 -27"><span class='ocrx_word' id='word_1_317' title='bbox 666 4661 703 4725; x_wconf 82' lang='grc' dir='ltr'><strong><em>τό</em></strong></span> <span class='ocrx_word' id='word_1_318' title='bbox 728 4668 790 4743; x_wconf 75' lang='grc' dir='ltr'><strong><em>μὲν</em></strong></span> <span class='ocrx_word' id='word_1_319' title='bbox 812 4666 987 4738; x_wconf 87' lang='grc' dir='ltr'><strong><em>πλουσίων,</em></strong></span> <span class='ocrx_word' id='word_1_320' title='bbox 1011 4663 1046 4730; x_wconf 86' lang='grc' dir='ltr'><strong><em>τό</em></strong></span> <span class='ocrx_word' id='word_1_321' title='bbox 1062 4668 1095 4731; x_wconf 73' lang='grc' dir='ltr'><strong><em>δεῗ</em></strong></span> <span class='ocrx_word' id='word_1_322' title='bbox 1112 4672 1177 4732; x_wconf 91' lang='grc' dir='ltr'><strong><em>τῶν</em></strong></span> <span class='ocrx_word' id='word_1_323' title='bbox 1194 4665 1344 4748; x_wconf 86' lang='grc' dir='ltr'><strong><em>άγαθῶν.</em></strong></span> <span class='ocrx_word' id='word_1_324' title='bbox 1369 4663 1476 4727; x_wconf 85' lang='lat' dir='ltr'>XVIII</span> <span class='ocrx_word' id='word_1_325' title='bbox 1492 4668 1511 4727; x_wconf 89' lang='lat'><strong><em>¹.</em></strong></span> <span class='ocrx_word' id='word_1_326' title='bbox 1529 4664 1671 4752; x_wconf 81' lang='grc' dir='ltr'><strong><em>χρήμασί</em></strong></span> <span class='ocrx_word' id='word_1_327' title='bbox 1690 4691 1725 4746; x_wconf 90' lang='grc' dir='ltr'><strong><em>γε</em></strong></span> <span class='ocrx_word' id='word_1_328' title='bbox 1747 4664 1813 4746; x_wconf 79' lang='grc' dir='ltr'><strong><em>μην</em></strong></span> <span class='ocrx_word' id='word_1_329' title='bbox 1836 4658 1872 4730; x_wconf 86' lang='grc' dir='ltr'><strong><em>ού</em></strong></span> <span class='ocrx_word' id='word_1_330' title='bbox 1887 4654 1989 4745; x_wconf 88' lang='grc' dir='ltr'><strong><em>μόνον</em></strong></span> <span class='ocrx_word' id='word_1_331' title='bbox 2003 4663 2148 4744; x_wconf 80' lang='grc' dir='ltr'><strong><em>δικαίως,</em></strong></span> 
     </span>
     <span class='ocr_line' id='line_1_34' title="bbox 668 4779 2150 4873; baseline 0.001 -28"><span class='ocrx_word' id='word_1_332' title='bbox 668 4779 755 4845; x_wconf 84' lang='grc' dir='ltr'><strong><em>άλλά</em></strong></span> <span class='ocrx_word' id='word_1_333' title='bbox 778 4792 833 4846; x_wconf 81' lang='grc' dir='ltr'><strong><em>καῖ</em></strong></span> <span class='ocrx_word' id='word_1_334' title='bbox 855 4784 1046 4873; x_wconf 84' lang='grc' dir='ltr'><strong><em>ἐλευθερίως</em></strong></span> <span class='ocrx_word' id='word_1_335' title='bbox 1068 4786 1189 4870; x_wconf 78' lang='grc' dir='ltr'><strong><em>ἐχρῆτο,</em></strong></span> <span class='ocrx_word' id='word_1_336' title='bbox 1214 4783 1331 4864; x_wconf 89' lang='lat' dir='ltr'>(XVIII</span> <span class='ocrx_word' id='word_1_337' title='bbox 1342 4784 1368 4864; x_wconf 76' lang='lat'><strong><em>¹²)</em></strong></span> <span class='ocrx_word' id='word_1_338' title='bbox 1384 4790 1430 4873; x_wconf 76' lang='grc' dir='ltr'><strong><em>τῷ</em></strong></span> <span class='ocrx_word' id='word_1_339' title='bbox 1445 4791 1505 4868; x_wconf 69' lang='grc' dir='ltr'><strong><em>μὲν</em></strong></span> <span class='ocrx_word' id='word_1_340' title='bbox 1520 4785 1635 4872; x_wconf 76' lang='grc' dir='ltr'><strong><em>δικαίη)</em></strong></span> <span class='ocrx_word' id='word_1_341' title='bbox 1651 4782 1759 4871; x_wconf 80' lang='grc' dir='ltr'><strong><em>α’ρκεῑν</em></strong></span> <span class='ocrx_word' id='word_1_342' title='bbox 1770 4779 1944 4868; x_wconf 72' lang='grc' dir='ltr'><strong><em>ἡγούμενος</em></strong></span> <span class='ocrx_word' id='word_1_343' title='bbox 1964 4780 1999 4845; x_wconf 84' lang='grc' dir='ltr'><strong><em>τό</em></strong></span> <span class='ocrx_word' id='word_1_344' title='bbox 2021 4780 2083 4868; x_wconf 76' lang='grc' dir='ltr'><strong><em>ἐᾷν</em></strong></span> <span class='ocrx_word' id='word_1_345' title='bbox 2106 4782 2150 4847; x_wconf 78' lang='grc' dir='ltr'><strong><em>τοὶ</em></strong></span> 
     </span>
     <span class='ocr_line' id='line_1_35' title="bbox 669 4897 2151 4992; baseline 0.001 -27"><span class='ocrx_word' id='word_1_346' title='bbox 669 4897 837 4985; x_wconf 83' lang='grc' dir='ltr'><strong><em>άλλότρια,</em></strong></span> <span class='ocrx_word' id='word_1_347' title='bbox 862 4906 908 4992; x_wconf 74' lang='grc' dir='ltr'><strong><em>τῷ</em></strong></span> <span class='ocrx_word' id='word_1_348' title='bbox 933 4904 969 4968; x_wconf 73' lang='grc' dir='ltr'><strong><em>δὲ</em></strong></span> <span class='ocrx_word' id='word_1_349' title='bbox 992 4904 1163 4991; x_wconf 76' lang='grc' dir='ltr'><strong><em>ἐλευθερίη)</em></strong></span> <span class='ocrx_word' id='word_1_350' title='bbox 1180 4904 1315 4969; x_wconf 78' lang='grc' dir='ltr'><strong><em>καὶτῶν</em></strong></span> <span class='ocrx_word' id='word_1_351' title='bbox 1338 4904 1457 4970; x_wconf 76' lang='grc' dir='ltr'><strong><em>ἑαυτοῦ</em></strong></span> <span class='ocrx_word' id='word_1_352' title='bbox 1481 4906 1746 4987; x_wconf 87' lang='grc' dir='ltr'><strong><em>προσωφελητέον</em></strong></span> <span class='ocrx_word' id='word_1_353' title='bbox 1772 4903 1868 4966; x_wconf 80' lang='grc' dir='ltr'><strong><em>εἶναι.</em></strong></span> <span class='ocrx_word' id='word_1_354' title='bbox 1917 4897 2005 4960; x_wconf 87' lang='grc' dir='ltr'><strong><em>ΧΙΧ.</em></strong></span> <span class='ocrx_word' id='word_1_355' title='bbox 2036 4898 2090 4965; x_wconf 75' lang='grc' dir='ltr'><strong><em>αἐῖ</em></strong></span> <span class='ocrx_word' id='word_1_356' title='bbox 2113 4901 2151 4966; x_wconf 77' lang='grc' dir='ltr'><strong><em>δὲ</em></strong></span> 
     </span>
     <span class='ocr_line' id='line_1_36' title="bbox 666 5015 2152 5108; baseline 0 -23"><span class='ocrx_word' id='word_1_357' title='bbox 666 5020 878 5104; x_wconf 85' lang='grc' dir='ltr'><strong><em>δεισιδαίμων</em></strong></span> <span class='ocrx_word' id='word_1_358' title='bbox 911 5015 959 5108; x_wconf 78' lang='grc' dir='ltr'><strong><em>ἤν,</em></strong></span> <span class='ocrx_word' id='word_1_359' title='bbox 995 5025 1133 5104; x_wconf 83' lang='grc' dir='ltr'><strong><em>νομίζων</em></strong></span> <span class='ocrx_word' id='word_1_360' title='bbox 1169 5023 1243 5099; x_wconf 82' lang='grc' dir='ltr'><strong><em>τούς</em></strong></span> <span class='ocrx_word' id='word_1_361' title='bbox 1275 5031 1335 5105; x_wconf 80' lang='grc' dir='ltr'><strong><em>μέν</em></strong></span> <span class='ocrx_word' id='word_1_362' title='bbox 1364 5026 1469 5098; x_wconf 90' lang='grc' dir='ltr'><strong><em>καλῶς</em></strong></span> <span class='ocrx_word' id='word_1_363' title='bbox 1502 5020 1623 5099; x_wconf 87' lang='grc' dir='ltr'><strong><em>ζῶντας</em></strong></span> <span class='ocrx_word' id='word_1_364' title='bbox 1650 5017 1742 5087; x_wconf 85' lang='grc' dir='ltr'><strong><em>ούπω</em></strong></span> <span class='ocrx_word' id='word_1_365' title='bbox 1767 5017 1978 5103; x_wconf 75' lang='grc' dir='ltr'><strong><em>εὐδαίμονας,</em></strong></span> <span class='ocrx_word' id='word_1_366' title='bbox 2007 5019 2081 5095; x_wconf 83' lang='grc' dir='ltr'><strong><em>τούς</em></strong></span> <span class='ocrx_word' id='word_1_367' title='bbox 2112 5020 2152 5085; x_wconf 79' lang='grc' dir='ltr'><strong><em>δὲ</em></strong></span> 
     </span>
     <span class='ocr_line' id='line_1_37' title="bbox 667 5136 2151 5227; baseline 0.001 -25"><span class='ocrx_word' id='word_1_368' title='bbox 667 5136 801 5216; x_wconf 79' lang='grc' dir='ltr'><strong><em>εύκλεῶς</em></strong></span> <span class='ocrx_word' id='word_1_369' title='bbox 813 5140 1074 5224; x_wconf 80' lang='grc' dir='ltr'><strong><em>τετελευτηκότας</em></strong></span> <span class='ocrx_word' id='word_1_370' title='bbox 1083 5138 1142 5224; x_wconf 77' lang='grc' dir='ltr'><strong><em>ἤδη</em></strong></span> <span class='ocrx_word' id='word_1_371' title='bbox 1152 5154 1335 5227; x_wconf 86' lang='grc' dir='ltr'><strong><em>μακαρίους.</em></strong></span> <span class='ocrx_word' id='word_1_372' title='bbox 1348 5139 1422 5202; x_wconf 84' lang='grc' dir='ltr'><strong><em>ΧΧ.</em></strong></span> <span class='ocrx_word' id='word_1_373' title='bbox 1432 5141 1529 5222; x_wconf 87' lang='grc' dir='ltr'><strong><em>μείζω</em></strong></span> <span class='ocrx_word' id='word_1_374' title='bbox 1539 5141 1573 5205; x_wconf 74' lang='grc' dir='ltr'><strong><em>δὲ</em></strong></span> <span class='ocrx_word' id='word_1_375' title='bbox 1584 5136 1752 5223; x_wconf 86' lang='grc' dir='ltr'><strong><em>συμφοράν</em></strong></span> <span class='ocrx_word' id='word_1_376' title='bbox 1761 5138 1867 5225; x_wconf 73' lang='grc' dir='ltr'><strong><em>ἔκρινε</em></strong></span> <span class='ocrx_word' id='word_1_377' title='bbox 1877 5138 1914 5203; x_wconf 84' lang='grc' dir='ltr'><strong><em>τό</em></strong></span> <span class='ocrx_word' id='word_1_378' title='bbox 1928 5136 2151 5219; x_wconf 79' lang='grc' dir='ltr'><strong><em>γιγνώσκοντα</em></strong></span> 
     </span>
    </p>
   </div>
   <div class='ocr_carea' id='block_1_12' title="bbox 669 5248 2152 5345">
    <p class='ocr_par' dir='ltr' id='par_1_13' title="bbox 669 5248 2152 5345">
     <span class='ocr_line' id='line_1_38' title="bbox 669 5248 2152 5345; baseline 0.002 -24"><span class='ocrx_word' id='word_1_379' title='bbox 669 5254 689 5340; x_wconf 76' lang='grc' dir='ltr'><em>ἢ</em></span> <span class='ocrx_word' id='word_1_380' title='bbox 712 5255 892 5338; x_wconf 80' lang='grc' dir='ltr'><strong><em>άγνοούντα</em></strong></span> <span class='ocrx_word' id='word_1_381' title='bbox 909 5256 1042 5341; x_wconf 73' lang='grc' dir='ltr'><strong><em>ἀμελεῖν</em></strong></span> <span class='ocrx_word' id='word_1_382' title='bbox 1057 5260 1123 5324; x_wconf 87' lang='grc' dir='ltr'><strong><em>τῶν</em></strong></span> <span class='ocrx_word' id='word_1_383' title='bbox 1139 5255 1288 5340; x_wconf 83' lang='grc' dir='ltr'><strong><em>άγαθῶν.</em></strong></span> <span class='ocrx_word' id='word_1_384' title='bbox 1333 5256 1422 5319; x_wconf 87' lang='lat' dir='ltr'><strong><em>XXI.</em></strong></span> <span class='ocrx_word' id='word_1_385' title='bbox 1447 5251 1541 5345; x_wconf 86' lang='grc' dir='ltr'><strong><em>δόξης</em></strong></span> <span class='ocrx_word' id='word_1_386' title='bbox 1557 5260 1592 5325; x_wconf 73' lang='grc' dir='ltr'><strong><em>δὲ</em></strong></span> <span class='ocrx_word' id='word_1_387' title='bbox 1617 5256 1768 5342; x_wconf 80' lang='grc' dir='ltr'><strong><em>ούδεμιοῖς</em></strong></span> <span class='ocrx_word' id='word_1_388' title='bbox 1784 5254 1855 5343; x_wconf 73' lang='grc' dir='ltr'><strong><em>ἤρα,</em></strong></span> <span class='ocrx_word' id='word_1_389' title='bbox 1874 5248 1907 5343; x_wconf 75' lang='grc' dir='ltr'><strong><em>ἧς</em></strong></span> <span class='ocrx_word' id='word_1_390' title='bbox 1924 5251 1981 5323; x_wconf 79' lang='grc' dir='ltr'><strong><em>ούκ</em></strong></span> <span class='ocrx_word' id='word_1_391' title='bbox 1997 5256 2152 5334; x_wconf 84' lang='grc' dir='ltr'><strong><em>ἐξεπόνει</em></strong></span> 
     </span>
    </p>
   </div>
   <div class='ocr_carea' id='block_1_13' title="bbox 0 0 2270 6116">
    <p class='ocr_par' dir='ltr' id='par_1_14' title="bbox 0 0 2270 6116">
     <span class='ocr_line' id='line_1_39' title="bbox 0 0 2270 6116; baseline 0 0"><span class='ocrx_word' id='word_1_392' title='bbox 0 0 2270 6116; x_wconf 95' lang='lat' dir='ltr'><strong><em> </em></strong></span> 
     </span>
    </p>
   </div>
  </div>
 </body>
</html>
