4506 6120
282 1689 417 1815 Notum
449 1759 496 1811 est
530 1751 729 1812 acerbissime
762 1747 856 1812 hodie
887 1748 1013 1814 iudicari
1047 1770 1278 1834 saepenumero
1309 1747 1349 1812 de
1376 1748 1598 1834 Xenophontis
1630 1753 1748 1835 scriptis
1780 1751 1866 1816 haud

36 1850 48 1908 ¹
128 1868 256 1950 paucis:
281 1888 363 1951 quae
386 1869 460 1952 quia
482 1871 594 1952 parum
617 1869 742 1952 placere
765 1867 911 1932 videntur
930 1871 1096 1932 urbanitati
1120 1871 1211 1932 huius
1227 1869 1343 1933 saeculi
1359 1878 1454 1953 atque
1470 1869 1645 1951 elegantiae
1661 1881 1714 1933 aut
1730 1872 1864 1935 omnino

126 2006 190 2049 non
217 2006 286 2049 esse
301 1985 523 2070 Xenophontis
546 1988 745 2071 proclamant
767 1990 860 2052 critici
884 2000 939 2051 aut
961 2009 1001 2050 ex
1024 2000 1112 2072 parte
1135 1989 1246 2051 saltem
1263 1989 1521 2073 interpolatorum
1540 1987 1649 2051 fraude
1665 1991 1778 2051 misere
1795 2011 1865 2053 esse

127 2103 308 2189 depravata.
355 2104 451 2187 Quod
474 2106 571 2170 iatum
600 2107 785 2190 Agesilai
808 2128 937 2192 quoque
961 2105 1175 2171 laudationem
1202 2128 1267 2170 non
1291 2107 1436 2190 effugisse
1459 2107 1630 2172 commode
1647 2119 1818 2191 cognoscet
1840 2112 1865 2173 si

127 2226 196 2308 quis
219 2223 332 2289 doctae
355 2223 583 2309 disputationis,
606 2247 702 2311 quam
727 2246 811 2289 anno
839 2228 916 2306 1883
936 2224 976 2289 de
992 2227 1143 2310 Agesilao
1165 2229 1347 2310 conscripsit
1363 2226 1403 2290 M.
1422 2228 1565 2303 Evers,
1588 2228 1755 2311 perlegerit
1771 2238 1865 2312 caput

126 2345 220 2427 prius,
244 2346 297 2407 ubi
320 2346 460 2408 virorum
484 2343 649 2409 doctorum
674 2344 714 2408 de
736 2345 975 2430 Xenophonteo
998 2345 1150 2429 Agesilao
1173 2345 1285 2409 iudicia
1307 2357 1541 2410 enumerantur.

281 2461 373 2526 Unde
390 2465 573 2547 perspicitur
587 2466 712 2547 originis
729 2464 985 2548 Xenophonteae
1008 2467 1087 2528 inter
1110 2467 1309 2541 recentiores,
1333 2467 1385 2548 qui
1401 2468 1576 2528 accuratius
1593 2487 1660 2528 rem
1677 2476 1863 2543 tractavere,

127 2584 265 2646 extitisse
288 2602 464 2666 perpaucos
487 2581 679 2659 defensores,
703 2585 872 2667 plerosque
895 2594 997 2647 totum
1023 2585 1160 2647 libellum
1184 2582 1493 2668 pseudepigraphum
1519 2604 1648 2648 censere
1671 2596 1702 2648 et
1727 2586 1775 2648 vel
1795 2606 1865 2663 eos,

125 2703 179 2785 qui
203 2704 306 2765 minus
335 2697 446 2765 severe
472 2701 685 2778 iudicaverint,
715 2725 755 2766 eo
782 2714 888 2769 tamen
921 2706 1107 2779 consentire,
1136 2715 1169 2766 ut
1199 2714 1293 2786 caput
1315 2701 1519 2767 undecimum
1552 2702 1769 2767 damnandum
1794 2725 1864 2767 esse

126 2832 286 2897 censeant,
310 2819 396 2905 quod
419 2832 473 2884 aut
496 2841 515 2884 a
537 2820 753 2906 Xenophonte
776 2824 925 2906 scriptum
949 2833 1004 2885 aut
1026 2825 1069 2886 sic
1092 2825 1131 2885 ab
1154 2844 1194 2885 eo
1217 2820 1336 2885 editum
1361 2844 1430 2885 esse
1452 2834 1577 2906 negant.

280 2940 387 3023 Atque
408 2941 484 3003 nolo
510 2938 658 3024 equidem
689 2941 844 3005 hocloco
875 2942 1070 3024 singulorum
1098 2944 1274 3005 criticorum
1299 2939 1411 3005 iudicia
1440 2962 1614 3017 recensere,
1642 2963 1747 3024 neque
1778 2944 1862 3004 enim

125 3060 200 3121 mihi
224 3062 372 3142 proposui
395 3071 429 3122 ut
453 3070 551 3122 totam
576 3060 715 3143 Agesilai
739 3058 954 3123 laudationem
977 3072 1211 3144 pertractarem.
1263 3059 1326 3123 Sed
1356 3062 1417 3124 hoc
1447 3061 1541 3123 velim
1570 3061 1745 3135 absolvere,
1776 3058 1863 3144 quod

126 3178 201 3239 mihi
228 3178 406 3259 neglexisse
438 3176 582 3241 videntur
612 3180 668 3242 viri
705 3176 806 3255 docti,
836 3190 871 3240 ut
898 3182 1072 3243 accuratius
1102 3179 1335 3244 conclamatum
1375 3177 1450 3242 illud
1484 3190 1578 3262 eaput
1605 3190 1783 3241 extremum
1818 3178 1863 3242 XI

125 3300 330 3380 interpreter,
357 3295 442 3359 unde
466 3318 558 3380 spero
580 3300 674 3360 etiam
699 3296 739 3359 de
762 3298 887 3382 reliquis
912 3299 1005 3361 libelli
1029 3300 1167 3382 partibus
1190 3298 1418 3382 aliquantulum
1444 3297 1510 3361 lore
1533 3309 1566 3360 ut
1590 3296 1756 3360 lucremur.

972 3504 1016 3606 l

278 3706 386 3790 Atque
409 3708 545 3789 primum
570 3717 687 3790 caput
717 3705 980 3770 undecimum
1011 3707 1061 3769 vel
1093 3708 1130 3781 ei,
1154 3707 1208 3790 qui
1230 3727 1249 3768 a
1275 3701 1491 3789 Xenophonte
1522 3706 1670 3788 scriptum
1695 3723 1764 3766 esse
1788 3725 1861 3767 con-

123 3823 249 3902 cedunt,
266 3823 377 3888 rudem
394 3847 464 3888 esse
487 3837 582 3908 atque
605 3823 791 3909 indigestam
815 3826 933 3888 molem
954 3827 1043 3909 quasi
1065 3846 1130 3889 uno
1146 3846 1201 3888 ore
1225 3802 1413 3888 declamant.
1458 3822 1578 3887 Audias
1595 3820 1860 3886 Heilaudium

122 3944 231 4028 (prael.
250 3966 279 4028 p.
296 3943 374 4024 XX)
387 3967 393 4007 :
413 3945 554 4020 ,nullum
571 3947 602 4008 in
618 3947 679 4008 hoc
695 3947 797 4028 capite
812 3956 942 4030 apparet
957 3965 1027 4007 esse
1040 3942 1194 4017 ordinem,
1207 3945 1326 4007 nullam
1344 3946 1569 4007 sententiarum
1583 3944 1858 4007 convenientiam“

123 4075 155 4126 et
178 4065 542 4126 Breitenbachium
573 4063 684 4148 (prael.
712 4062 760 4126 ed.
778 4085 807 4148 p.
824 4064 887 4137 Vl:
912 4065 1017 4141 „male
1040 4066 1119 4126 inter
1142 4084 1175 4126 se
1199 4064 1370 4126 cohaerere
1401 4064 1610 4125 haecomnia
1640 4072 1670 4123 et
1693 4080 1860 4144 perperam

126 4204 196 4247 esse
225 4180 369 4245 ordinata
391 4180 481 4246 facile
503 4182 712 4265 intelligitur.“
752 4183 945 4263 Hagenus
969 4203 1044 4245 vero
1067 4180 1153 4262 (diss.
1178 4182 1269 4244 Bem.
1300 4181 1391 4261 1863)
1423 4180 1472 4242 vel
1503 4183 1688 4256 „sutorem“
1721 4180 1861 4261 increpat

125 4323 210 4378 eum,
233 4304 286 4386 qui
310 4302 402 4365 stulte
424 4303 486 4365 hoc
508 4312 602 4385 caput
625 4301 851 4385 compilaverit.
897 4301 1043 4364 Similiter
1064 4301 1324 4385 Terwelpius
1346 4299 1428 4379 (diss.
1454 4298 1588 4361 llluenst.
1619 4299 1710 4377 1873)
1733 4298 1793 4360 alii.

276 4419 373 4503 Quod
395 4423 419 4484 si
442 4442 553 4483 verum
577 4432 669 4497 esset,
693 4441 741 4484 res
764 4431 847 4483 esset
869 4440 946 4482 sane
969 4419 1105 4482 mirifica.
1150 4418 1236 4481 Talis
1251 4419 1337 4480 enim
1355 4428 1402 4479 est
1425 4418 1651 4480 sententiarum
1675 4417 1706 4479 in
1730 4436 1797 4499 cap.
1815 4416 1859 4479 Xl

124 4541 327 4604 collectarum
351 4541 511 4624 expolitio,
535 4540 661 4624 qualern
685 4541 716 4602 in
738 4540 993 4623 hypomnematis
1016 4541 1081 4601 sive
1113 4540 1143 4601 in
1174 4535 1296 4601 schedis
1320 4539 1442 4620 privato
1473 4538 1542 4599 usui
1573 4534 1732 4598 destinatis
1762 4555 1859 4598 nemo

124 4658 260 4723 adhibet.
306 4660 414 4744 ltaque
437 4661 505 4742 ipsa
526 4659 585 4722 hac
608 4659 776 4744 subtilitate
794 4668 889 4742 atque
912 4656 1070 4735 industria,
1094 4658 1158 4741 qua
1177 4657 1299 4741 singula
1323 4657 1487 4732 limaverit,
1503 4658 1647 4738 cogimur
1661 4665 1696 4718 ut
1712 4655 1859 4717 intentius

124 4798 325 4863 quaeramus,
348 4799 455 4841 nonne
478 4775 607 4863 aliquod
629 4777 723 4840 lateat
746 4779 840 4839 etiam
872 4779 902 4840 in
935 4779 1163 4860 compositione
1192 4777 1314 4839 illarum
1345 4776 1571 4838 sententiarum
1600 4775 1754 4857 scriptoris
1787 4793 1860 4836 con·

124 4897 235 4960 silium.

276 5014 372 5098 Quod
400 5017 563 5080 consilium
584 5028 619 5078 ut
641 5012 840 5079 commodius
868 5014 1086 5078 demonstrare
1108 5017 1226 5099 possim
1256 5014 1440 5096 legentibus,
1471 5015 1568 5075 verba
1592 5013 1657 5094 ipsa
1679 5031 1857 5094 proponam

125 5138 155 5199 in
179 5156 233 5199 eas
255 5148 359 5220 partes
382 5134 536 5220 discripta,
560 5136 591 5197 in
613 5156 691 5219 quas
715 5138 780 5220 ipse
797 5134 979 5219 Xenophon
996 5135 1071 5197 mihi
1093 5133 1216 5198 videtur
1237 5136 1299 5197 hoc
1321 5130 1362 5195 de
1384 5131 1523 5214 Agesilai
1544 5131 1684 5193 moribus
1707 5128 1856 5193 iudicium

124 5254 324 5319 distribuisse.

1653 5369 1664 5418 1
1671 5366 1683 5393 3

840 5472 1110 5580 330150
