4506 6120
979 660 1019 724 19

1742 766 1766 813 ο

131 875 310 944 extremae3
333 865 413 929 haec
434 875 542 927 autem
566 863 712 947 singulari
740 862 868 947 quidem
896 865 1075 929 charactere
1106 860 1249 941 condita,
1282 885 1321 928 eo
1352 875 1459 928 tamen
1492 865 1596 928 alieno
1622 866 1663 928 ab
1689 863 1859 930 undecimo

131 985 271 1069 Agesilai
294 986 404 1066 capite.
442 980 523 1047 Nam
541 983 684 1048 Clearchi
707 984 843 1067 primum
867 985 962 1047 vitam
993 995 1139 1048 accurate
1168 994 1272 1047 narrat
1295 982 1488 1066 Xenophon,
1511 996 1545 1047 ut
1574 985 1646 1048 belli
1670 1007 1743 1049 eum
1769 986 1862 1051 luisse

131 1115 293 1169 amantem
324 1105 521 1186 comprobet,
546 1099 664 1173 deinde
687 1102 860 1185 singulares
903 1104 970 1166 eius
994 1104 1142 1166 militares
1165 1105 1294 1167 virtutes
1316 1100 1466 1186 deinceps
1489 1114 1519 1166 et
1542 1103 1695 1186 ponderat
1718 1117 1749 1167 et
1771 1126 1861 1189 argu-

132 1223 246 1286 mentis
269 1223 445 1287 confirmat.

284 1355 348 1421 Sed
377 1357 516 1440 sequitur
546 1355 721 1419 Proxeni
756 1375 889 1420 censura
912 1356 961 1438 (ll,
973 1358 1003 1433 6,
1031 1355 1176 1439 16—20),
1199 1359 1230 1420 in
1253 1378 1317 1441 qua
1333 1355 1467 1420 tandem
1499 1368 1569 1440 post
1600 1361 1728 1423 brevem
1756 1380 1863 1423 narra·

131 1478 251 1540 tionem
275 1474 309 1560 (§
336 1474 470 1557 16-17)
492 1494 567 1539 ecce
598 1473 773 1538 lsocrateae
799 1477 872 1539 artis
895 1477 1026 1559 vestigia
1055 1478 1200 1539 manibus
1231 1487 1377 1540 tenemus
1406 1478 1611 1559 apertissima,
1642 1479 1860 1541 membrorum

132 1593 203 1660 dico
225 1595 442 1679 aequilibrium
466 1604 498 1657 et
520 1596 695 1678 quaesitam
719 1595 944 1657 sententiarum
968 1596 1216 1678 responsionem.
1264 1594 1417 1659 Conferas
1440 1617 1468 1659 e.
1485 1617 1529 1678 gr.

488 1741 544 1796 καῖ
566 1728 766 1815 φοβούμενος
787 1730 912 1814 μᾶλλον
932 1726 971 1818 ἦν
1000 1734 1138 1822 φανερὸς
1167 1735 1203 1799 τδ
1232 1728 1492 1819 ἀπεχθάνεσθαι
1522 1751 1588 1811 τοῖς
1610 1733 1819 1819 στρατιώταις
1842 1730 1861 1820 ἢ

388 1855 418 1915 ol
439 1856 635 1939 στρατιῶται
661 1852 697 1917 τδ
728 1849 878 1918 οἷπιοτεῑν
899 1853 1019 1942 ἐκείνῳ.
1051 1850 1128 1944 ᾤετο
1156 1854 1189 1917 δὲ
1214 1851 1325 1940 α’ρκεῑν
1354 1849 1436 1939 προς
1462 1853 1498 1918 cd
1530 1852 1669 1937 οἷρχιιιδν
1693 1851 1780 1920 εἶναι
1802 1864 1860 1918 καῖ

387 1970 493 2036 δοκεῖν
514 1970 653 2053 τὸνμὲν
681 1972 785 2047 καλῶς
813 1971 972 2038 ποιοῦντα
996 1971 1155 2052 ἐπαινεῖν,
1182 1972 1242 2038 τὸν
1272 1973 1308 2038 δὲ
1337 1969 1517 2040 α’δικοῦντοι
1540 1973 1584 2058 μή
1617 1974 1775 2040 ἐπαινεῖν.
1803 1998 1863 2037 τοι·

386 2094 511 2176 γαροῦν
536 2084 627 2180 αδτῷ
656 2094 686 2155 ol
713 2097 774 2174 μὲν
803 2095 901 2157 καλοί
918 2117 954 2156 τε
975 2089 1121 2173 ardrado?
1141 2096 1208 2158 τῶν
1229 2090 1389 2158 συνόντων
1411 2083 1496 2158 εὖνοι
1520 2084 1612 2178 ἦσαν,
1642 2097 1672 2158 οἳ
1695 2093 1731 2156 δὲ
1753 2087 1862 2158 ἄδικοι

387 2207 602 2286 ἐπεβούλευον
625 2207 667 2288 οἷς
691 2207 960 2300 εὐμεταχειρίστῳ
985 2206 1064 2277 δντι.

283 2345 419 2409 Proxeni
442 2355 549 2409 autem
573 2365 739 2410 censuram
763 2348 878 2427 excipit
900 2346 1081 2410 Menonis
1104 2347 1155 2409 illa
1171 2345 1217 2430 (ll,
1230 2346 1261 2422 6,
1286 2347 1433 2428 21—29),
1456 2343 1496 2407 de
1513 2366 1577 2428 qua
1600 2365 1694 2428 supra
1716 2343 1859 2409 vidimus.

131 2465 270 2529 Utuntur
298 2467 390 2549 igitur
417 2465 497 2528 haec
524 2463 588 2528 duo
616 2464 728 2530 iudicia
759 2463 873 2529 eadem
904 2464 1015 2529 forma.
1067 2463 1147 2530 Nam
1186 2466 1216 2529 in
1252 2466 1314 2529 hoc
1344 2486 1472 2548 quoque
1503 2462 1608 2528 media
1638 2474 1760 2528 tantum
1791 2484 1862 2548 pars

130 2583 289 2649 Isocrateo
314 2604 404 2648 more
427 2581 563 2646 formata
585 2595 640 2648 est.
690 2582 875 2648 Adhaerent
897 2586 925 2648 ei
940 2595 972 2648 et
987 2586 1107 2648 initium
1130 2595 1161 2648 et
1186 2586 1346 2649 conclusio
1367 2583 1479 2647 diversi
1504 2584 1690 2648 characteris
1713 2583 1762 2664 (cl.
1776 2582 1798 2667 ξ
1812 2601 1860 2648 21.

132 2704 181 2766 28.
219 2703 280 2785 29).

284 2836 380 2921 Quod
402 2859 458 2903 cur
480 2840 523 2902 ita
545 2841 592 2915 sit,
615 2861 655 2903 ex
671 2841 738 2924 ipsa
760 2841 877 2904 artificii
899 2851 1012 2904 natura
1034 2841 1230 2923 intellegitur,
1254 2841 1313 2917 cui,
1337 2842 1410 2924 quia
1432 2838 1473 2903 ad
1496 2837 1709 2916 iudicandum,
1732 2861 1796 2903 non
1820 2837 1861 2902 ad

130 2956 322 3022 narrandum
346 2960 510 3022 inventum
534 2970 590 3034 est,
613 2956 767 3024 accedant
788 2970 913 3042 oportet
935 2960 1015 3024 aliae
1038 2960 1186 3023 orationis
1210 2971 1323 3042 partes,
1354 2960 1385 3021 in
1408 2961 1522 3041 quibus
1546 2959 1628 3023 lacta
1650 2969 1859 3042 exponantur,

131 3099 213 3161 quae
236 3078 289 3141 illo
312 3090 545 3141 recenseantur.

284 3209 377 3276 Unde
400 3211 506 3277 denuo
529 3224 659 3299 apparet
682 3216 777 3277 etiam
802 3214 941 3298 Agesilai
964 3217 1200 3278 conclusionem
1224 3234 1367 3278 seorsum
1391 3216 1537 3307 scriptam
1567 3234 1636 3276 esse
1665 3234 1729 3276 non
1757 3232 1861 3295 posse,

131 3329 197 3409 sed,
221 3342 256 3394 ut
279 3334 459 3396 membrum
482 3335 606 3416 corpori
629 3332 788 3409 adhaeret,
821 3335 864 3396 ita
891 3354 991 3397 unum
1014 3355 1084 3397 esse
1107 3354 1179 3398 curn
1203 3330 1462 3397 antecedentibus
1486 3331 1580 3395 libelli
1604 3333 1752 3414 partibus.

284 3469 350 3532 lam
373 3490 450 3532 vero
466 3470 561 3533 etiam
585 3467 626 3532 de
650 3469 880 3533 Hellenicis
902 3471 1038 3532 breviter
1061 3467 1230 3534 dicendum
1246 3479 1302 3533 est.
1333 3470 1366 3532 ln
1382 3470 1494 3553 quibus
1517 3487 1649 3550 parcum
1665 3486 1734 3530 esse
1751 3467 1859 3529 monui

130 3586 381 3670 Xenophontem
419 3590 584 3652 hominum
620 3588 765 3653 iudicem.
821 3590 922 3652 lmmo
959 3610 998 3653 ea
1027 3600 1075 3652 est
1103 3590 1227 3665 illorum
1260 3589 1409 3650 librorum
1440 3589 1536 3664 ratio,
1565 3597 1600 3649 ut
1629 3607 1669 3649 ne
1696 3583 1862 3649 admittant

130 3705 258 3793 quidem
288 3707 366 3771 tales
394 3728 519 3771 morum
543 3705 780 3785 delineationes‚
803 3708 912 3793 quales
936 3711 966 3771 in
988 3708 1129 3771 Anabasi
1153 3719 1183 3771 et
1205 3710 1236 3770 in
1267 3707 1418 3791 Agesilao
1441 3707 1595 3790 leguntur.
1648 3705 1679 3768 ln
1702 3706 1748 3768 his
1777 3705 1861 3767 enim

131 3827 214 3890 libris
237 3825 268 3890 id
290 3828 346 3889 sibi
374 3829 538 3909 proposuit
560 3829 700 3910 scriptor,
723 3838 757 3890 ut
786 3838 885 3890 totam
909 3826 1047 3891 defuncti
1070 3829 1125 3891 viri
1156 3828 1388 3908 praestantioris
1411 3827 1507 3888 vitam
1532 3834 1709 3889 recenseret
1732 3826 1862 3908 eiusque

131 3946 220 4029 quasi
242 3965 402 4006 summam
423 3945 600 4009 conficeret.
646 3943 757 4030 Neque
772 3946 933 4009 historiam
950 3965 1062 4010 curans
1084 3967 1188 4030 neque
1204 3967 1263 4021 res,
1286 3966 1364 4030 quas
1387 3945 1438 4007 ille
1463 3945 1699 4027 perpetraverit,
1722 3944 1862 4006 actiones

131 4063 263 4128 omnino
290 4084 355 4127 non
378 4064 524 4146 explicat,
548 4062 604 4128 sed
620 4063 734 4148 agendi
757 4062 888 4128 modum
906 4064 956 4127 vel
979 4066 1150 4144 rationem3
1173 4085 1279 4148 neque
1302 4066 1342 4128 ibi
1359 4062 1389 4127 id
1412 4061 1525 4139 studet,
1549 4073 1593 4138 ut,
1616 4083 1699 4146 quae
1721 4063 1860 4144 gesserit,

130 4185 278 4249 certiores
301 4182 424 4260 fiamus,
448 4181 506 4247 sed
528 4204 582 4248 cur
604 4185 734 4267 gesserit
762 4205 809 4260 ea,
836 4204 920 4268 quae
942 4183 1058 4248 scilicet
1080 4181 1206 4247 aliunde
1236 4194 1312 4247 nota
1335 4205 1405 4247 esse
1428 4185 1608 4265 praesumit.

284 4320 366 4383 Huic
381 4317 536 4383 scribendi
551 4320 663 4383 rationi
680 4319 776 4400 plane
791 4321 946 4382 contraria
960 4321 1055 4382 utitur
1070 4318 1254 4401 Xenophon
1270 4323 1301 4383 in
1317 4319 1554 4382 Hellenicorurn
1572 4319 1670 4381 libris:
1696 4318 1726 4379 in
1741 4317 1854 4400 quibus

129 4439 244 4503 nullius
267 4439 324 4501 viri
347 4439 476 4520 plenam
499 4439 744 4522 absolutamque
767 4439 935 4522 imaginem
959 4440 1050 4502 nobis
1074 4441 1237 4521 proposuit
1259 4434 1341 4500 adeo
1364 4447 1398 4498 ut
1420 4435 1471 4498 vel
1495 4437 1525 4498 in
1558 4436 1601 4497 eis
1630 4435 1716 4512 locis,
1739 4435 1792 4497 ubi
1820 4431 1860 4496 de

131 4559 319 4642 primoribus
341 4558 522 4621 hominibus
545 4559 643 4620 verba
667 4556 748 4635 lacit,
770 4558 844 4620 nihil
876 4555 961 4621 aliud
981 4569 1064 4641 agat,
1095 4579 1191 4642 quam
1220 4568 1254 4620 ut
1281 4558 1428 4619 historiae
1456 4576 1575 4618 nexum
1607 4554 1754 4635 explicet:
1779 4554 1861 4616 hanc

130 4685 264 4751 enarrat,
287 4677 427 4738 virorum
450 4678 590 4761 quisquis
613 4678 650 4740 sit
673 4676 737 4740 lata
758 4677 939 4759 neglegens.
978 4677 1084 4761 Atque
1100 4679 1201 4741 sciens
1216 4677 1258 4738 ita
1280 4677 1400 4757 scripsit
1415 4685 1447 4736 et
1463 4673 1625 4752 consult03
1650 4673 1752 4753 legem
1776 4672 1859 4734 enim

129 4797 211 4860 hanc
238 4816 312 4858 eurn
343 4797 400 4858 sibi
429 4797 617 4878 imposuisse
646 4816 711 4860 non
741 4798 918 4880 excogitavi
948 4817 1019 4879 ego,
1049 4794 1105 4889 sed
1136 4798 1203 4878 ipse
1233 4793 1417 4875 Xenophon
1447 4793 1550 4855 verbis
1582 4790 1702 4855 disertis
1737 4789 1860 4853 latetur.

131 4914 192 4978 Ubi
221 4916 317 4991 enim,
346 4935 410 4998 qua
438 4917 537 4997 gratia
567 4913 652 4997 apud
680 4915 792 4978 milites
814 4915 953 4979 floruerit
974 4916 1197 4992 'l'eleutias,
1222 4914 1313 4977 solito
1340 4913 1514 4976 accuratius
1542 4909 1758 4992 descripserat,
1782 4910 1860 4972 haec

130 5030 216 5097 addit
238 5034 292 5114 (V,
310 5051 335 5110 1,
347 5033 396 5113 4):

485 5152 652 5237 raynaldum
681 5161 743 5238 μὲν
771 5146 852 5231 οὖν·
869 5150 920 5220 δτι
948 5155 984 5221 δν
1011 5151 1140 5231 τούτοις
1173 5150 1246 5220 οὔτε·
1276 5143 1461 5237 δαπάνημα
1495 5144 1569 5216 οὔτε
1602 5149 1752 5216 κΐνδυιόν
1784 5144 1865 5215 οὔτε·

384 5274 563 5361 μηχάνημα
592 5271 763 5357 α’ξιδλογον
795 5276 979 5364 διηγοῦμαι·
1010 5272 1097 5340 dit&
1128 5283 1185 5340 vai
1215 5274 1262 5356 pri
1291 5281 1352 5340 Ara
1375 5267 1450 5336 τάδε
1472 5263 1565 5347 ἄξιόν
1585 5296 1639 5352 μοι
1664 5267 1752 5332 δοκεῖ
1772 5264 1882 5331 εἶναι·

1658 5384 1690 5436 3·
