4506 6120
906 653 1096 746 ,ἰᾷ

126 859 230 925 ollicia
262 857 419 943 adplicare
453 859 581 942 possint,
619 857 804 939 Agesilaum
840 855 1022 940 Xenophon
1062 857 1124 920 hoc
1153 857 1223 920 loco
1258 858 1287 919 in
1326 858 1509 920 uuiversum
1545 865 1667 919 tantum
1702 853 1862 941 praedicat

126 977 339 1043 fortitudinem
363 977 507 1062 periculis
534 997 598 1040 non
628 974 817 1060 quaerendis
844 974 901 1039 sed
927 974 1098 1060 prudenter
1124 973 1293 1052 evitandis,
1324 977 1509 1059 sapientiam
1538 987 1646 1039 autern
1676 996 1740 1039 non
1763 976 1862 1060 philo-

126 1100 299 1182 sophorum
335 1118 424 1160 more
454 1094 675 1171 declamando
707 1092 763 1159 sed
791 1098 885 1158 rebus
914 1093 1059 1176 gerendis
1092 1096 1271 1158 exhibuisse
1293 1094 1434 1174 (XXlll).
1480 1096 1650 1158 Praeterea
1672 1097 1734 1159 hoc
1756 1093 1860 1159 addit:

127 1214 289 1301 Quidquid
312 1218 426 1299 agebat
449 1237 514 1291 rex,
537 1214 568 1278 id
592 1217 633 1278 ita
655 1216 912 1299 persequebatur,
946 1228 980 1277 ut
1003 1235 1078 1297 erga
1101 1216 1220 1277 amicos
1244 1216 1424 1277 mitissimus
1455 1226 1546 1290 esset,
1571 1234 1642 1277 cum
1668 1226 1863 1277 metueretur

126 1338 166 1398 ab
182 1337 322 1411 inimicis
339 1346 379 1410 et,
392 1333 469 1397 dum
485 1354 597 1397 omnes
614 1334 773 1397 molestias
790 1335 856 1417 ipse
871 1334 1007 1417 suscipit,
1024 1336 1182 1396 sociorum
1199 1331 1373 1396 commodo
1389 1333 1621 1415 religiosissime
1636 1334 1862 1417 prospiceret¹l

126 1453 343 1534 (XXlV1-2).
410 1452 569 1515 Fortunae
598 1453 752 1515 beneficia
782 1448 925 1514 modeste
957 1452 1077 1516 ferebat
1107 1473 1211 1536 neque
1240 1454 1270 1515 in
1301 1452 1445 1536 periculis
1476 1453 1619 1515 animum
1643 1450 1862 1536 despondebat

126 1572 260 1656 (XXV).

279 1690 386 1774 Atque
408 1709 520 1752 verum
543 1691 642 1753 estin
665 1689 728 1777 line
748 1691 869 1773 primae
892 1691 986 1773 partis
998 1688 1081 1770 (Vll)
1105 1691 1292 1752 seutentiam
1317 1690 1387 1772 legi,
1411 1711 1494 1774 quae
1517 1701 1706 1773 argumento
1730 1657 1861 1772 magno-

126 1831 201 1895 pere
230 1811 374 1892 congruit
410 1829 482 1872 cum
518 1819 661 1872 extrema
691 1811 799 1872 tertiae
829 1808 976 1891 (xxxt-
1004 1806 1067 1872 Sed
1097 1828 1161 1892 quo
1192 1811 1257 1871 iure
1289 1810 1465 1872 vetabimus
1500 1811 1684 1893 scriptorem
1708 1806 1791 1871 idem
1816 1810 1863 1871 bis

23 1981 28 1991 .
125 1927 238 2002 dicere,
255 1930 280 1992 si
295 1930 486 2012 repetitionis
502 1948 597 1991 causa
620 1938 729 2010 aperta
751 1929 817 1990 est?
862 1929 931 1992 lure
946 1931 1030 1991 enim
1048 1926 1203 1991 modestia
1218 1940 1313 2013 atque
1330 1930 1559 2012 aequanimitas
1582 1929 1663 2010 regis
1680 1938 1711 1990 et
1734 1948 1774 1990 eo
1791 1928 1862 1991 loco

126 2044 280 2124 laudatur,
293 2049 346 2110 ubi
369 2044 410 2109 de
432 2048 547 2130 pietate
569 2049 635 2111 eius
662 2045 845 2131 disputatur,
869 2049 922 2136 qui
950 2050 1090 2111 humana
1113 2047 1176 2110 fata
1205 2045 1245 2110 ad
1268 2045 1345 2110 deos
1369 2047 1564 2110 immortales
1588 2046 1711 2110 solebat
1732 2045 1858 2122 relerre,

128 2177 159 2229 et
180 2187 231 2239 eo,
255 2187 319 2249 quo
343 2137 462 2229 virtutis
485 2168 611 2229 innatae
634 2141 806 2250 specimina
829 2178 1039 2250 exponuntur.

278 2287 424 2369 Sequitur
447 2297 591 2349 extrema
613 2306 684 2370 pars
707 2297 818 2370 quarta
841 2284 1129 2366 (XXVI-XXX).
1163 2286 1196 2348 ln
1219 2286 1278 2349 hac
1301 2287 1385 2347 euim
1409 2283 1653 2368 comprehendit
1676 2305 1724 2360 ea,
1748 2286 1862 2368 quibus

125 2415 156 2468 et
178 2406 311 2487 imago
341 2404 533 2486 Agesilai
562 2425 659 2487 quam
690 2403 880 2467 vividissima
910 2415 1058 2488 exsurgat
1080 2406 1110 2467 in
1135 2406 1292 2468 mentibus
1315 2405 1487 2488 legentium
1517 2415 1548 2467 et
1571 2404 1777 2487 intellegatur,
1807 2425 1862 2467 cur

127 2526 315 2587 memoriam
348 2525 430 2606 regis
459 2534 547 2587 tanto
570 2522 673 2587 studio
703 2524 856 2588 coluerint
879 2525 1038 2608 aequales.
1084 2524 1190 2604 Quare
1213 2525 1349 2607 primum
1373 2524 1604 2587 humanitatem
1629 2525 1695 2586 eius
1718 2525 1808 2607 quasi
1831 2524 1861 2585 iu

127 2663 182 2705 ore
204 2654 313 2706 nostro
337 2653 369 2706 et
391 2654 563 2727 conspectu
585 2644 689 2726 ponit:
714 2644 897 2706 comitatem
922 2640 1029 2706 laudat
1045 2663 1110 2705 non
1133 2644 1207 2705 iocis
1224 2643 1414 2718 simulatam,
1438 2640 1494 2705 sed
1514 2645 1655 2706 moribus
1678 2663 1861 2728 expressam

127 2764 378 2846 gravitatemque
411 2764 557 2846 superbia
593 2774 753 2825 carentem
788 2761 930 2842 (XXVI).
978 2763 1106 2824 Transit
1143 2759 1184 2824 ad
1223 2763 1322 2824 victus
1360 2762 1602 2845 simplicitatem,
1642 2782 1705 2845 qua
1738 2764 1762 2824 is
1796 2763 1863 2824 iure

127 2881 327 2964 gloriabatur,
351 2882 414 2964 qui,
438 2894 472 2944 ut
506 2882 681 2944 amicorum
716 2879 858 2944 lortuuas
893 2892 924 2943 et
954 2901 1022 2943 rem
1053 2883 1171 2964 patriae
1201 2881 1366 2943 militarem
1399 2894 1527 2963 augeret
1560 2882 1684 2943 intentis
1707 2881 1864 2943 nitebatur

128 3000 243 3062 viribus
266 2998 419 3079 (XXVlll.
466 3000 570 3081 Pergit
592 2997 768 3062 secundum
787 3001 888 3062 varias
912 3001 995 3063 vitae
1019 2998 1245 3063 vicissitudines
1268 3021 1343 3062 eum
1359 2997 1545 3083 depingere:
1570 3001 1774 3081 gravissimus
1796 3014 1864 3062 erat

127 3118 158 3178 iu
181 3118 353 3179 certamine
376 3115 583 3191 adversarius,
607 3115 664 3180 sed
687 3120 767 3180 mitis
792 3120 899 3193 victor,
924 3120 1137 3201 paratissimus
1169 3130 1279 3181 contra
1308 3119 1506 3181 inimicorum
1538 3116 1673 3191 insidias,
1706 3116 1761 3181 sed
1788 3120 1864 3180 ami-

128 3255 238 3298 corum
270 3235 423 3298 voluntati
454 3235 657 3300 libentissime
688 3235 854 3320 indulgens
886 3236 1055 3318 (XXVlll).
1111 3235 1206 3319 Quod
1236 3237 1378 3301 firmatur
1407 3247 1560 3320 sequente
1593 3237 1763 3299 sententia:
1798 3257 1863 3299 non

128 3352 217 3417 desiit
249 3375 378 3418 suorum
410 3376 459 3418 res
490 3356 636 3432 stabilire,
670 3367 843 3420 extenuare
872 3358 1009 3420 hostium
1033 3355 1176 3436 (xittx).
1222 3355 1332 3418 Finem
1363 3366 1471 3418 autem
1501 3356 1573 3418 huic
1603 3358 1682 3439 parti
1715 3357 1864 3440 imposuit

128 3475 259 3557 scriptor
277 3474 382 3563 relatis
401 3475 535 3538 aliorum
549 3473 589 3538 de
604 3475 756 3557 Agesilao
779 3474 912 3540 iudiciis:
930 3475 1147 3538 Familiaribus
1167 3473 1314 3538 audiebat
1332 3473 1557 3561 φιλοκηδεμών
1577 3473 1616 3554 (is
1639 3476 1692 3558 qui
1711 3484 1864 3557 cognatos

129 3594 235 3671 amat),
270 3595 324 3668 eis,
356 3595 544 3676 quibuscum
568 3596 697 3676 negotia
719 3597 746 3656 ei
770 3592 1016 3672 intercedebant,
1050 3591 1290 3681 ἀπροφάσιστος
1322 3593 1360 3674 (is
1391 3595 1444 3678 qui
1475 3589 1635 3677 promissis
1667 3604 1727 3656 stat
1759 3614 1865 3677 neque

128 3720 311 3794 praetextus
341 3713 485 3795 quaerit),
515 3714 569 3789 eis,
603 3715 726 3796 quibus,
759 3723 792 3775 ut
820 3712 960 3777 officium
984 3714 1136 3796 Agesilao
1167 3723 1371 3797 praestarent,
1405 3714 1588 3796 contigerat,
1614 3712 1749 3797 μνήμων
1782 3713 1810 3795 (i.
1835 3734 1863 3775 e.

129 3830 257 3911 gratus),
291 3832 435 3894 iniuriam
466 3833 564 3916 passis
593 3834 762 3918 ἐπίκουρος
790 3831 975 3916 (patronus),
1011 3834 1055 3896 eis
1078 3834 1131 3916 qui
1154 3853 1226 3896 cum
1250 3833 1303 3896 illo
1326 3833 1500 3916 periculum
1533 3841 1746 3916 susceperant,
1779 3832 1862 3915 μετά

129 3949 229 4026 θεοὺς
252 3949 357 4035 σωτήρ
381 3952 410 4029 (i.
435 3972 461 4012 e.
486 3971 630 4014 summus
653 3953 792 4034 exceptis
815 3949 861 4014 dis
884 3949 1029 4032 adiutor).

284 4064 438 4129 Videmus
456 4070 547 4150 igitur
562 4070 622 4132 hac
637 4072 688 4132 via
703 4067 877 4152 procedere
894 4069 1153 4155 Xenophontem,
1177 4081 1211 4133 ut
1226 4081 1395 4155 postquam
1419 4073 1521 4156 prima
1544 4081 1633 4155 parte
1657 4069 1696 4131 de
1714 4068 1866 4150 Agesilao

130 4181 206 4246 dixit
222 4182 306 4247 deos
329 4187 463 4261 colente,
487 4185 627 4251 secunda
649 4185 689 4249 de
712 4186 868 4251 iudicante
891 4190 1047 4266 homines,
1070 4191 1160 4252 tertia
1183 4188 1223 4252 de
1245 4187 1360 4253 eodem
1390 4192 1518 4252 virtutes
1544 4209 1621 4252 sano
1647 4185 1760 4269 iudicio
1790 4206 1867 4271 pon·

131 4301 260 4365 derante
283 4316 314 4367 et
344 4303 384 4368 ad
416 4326 510 4369 usum
544 4309 706 4391 vitamque
738 4310 858 4371 sincere
892 4306 1078 4393 adplicante,
1113 4319 1226 4392 quarta
1257 4320 1407 4391 exponat,
1441 4309 1543 4391 qualis
1579 4308 1630 4370 hic
1655 4308 1713 4389 xvir
1749 4325 1865 4390 aequa-

131 4423 210 4486 libus
234 4426 318 4487 visus
341 4427 537 4509 posterisque
560 4425 712 4490 colendus
736 4428 783 4490 sit.

285 4541 338 4605 Ad
353 4544 449 4606 finem
466 4555 572 4608 autem
589 4547 792 4629 pervenimus
808 4556 903 4629 atque
920 4548 1024 4631 incipit
1047 4548 1215 4630 peroratio.
1250 4544 1346 4627 Quod
1368 4545 1508 4629 pluribus
1531 4542 1572 4607 de
1595 4545 1698 4608 causis
1721 4554 1865 4628 apertum

131 4671 186 4725 est.
234 4661 382 4733 Primum,
405 4665 479 4746 quia
505 4664 662 4726 tricesima
689 4667 844 4728 sententia
873 4676 982 4729 contra
1012 4686 1150 4741 morem,
1184 4685 1281 4749 quem
1310 4643 1341 4727 in
1372 4662 1633 4749 praecedentibus
1664 4674 1790 4726 secutus
1820 4672 1867 4725 est

131 4782 289 4856 omnibus,
319 4799 384 4844 non
414 4783 558 4865 bipertita
587 4794 643 4859 est,
668 4780 724 4846 sed
752 4785 782 4846 in
807 4785 945 4867 quinque
975 4794 1079 4867 partes
1102 4781 1274 4860 distributa,
1297 4794 1331 4846 ut
1353 4783 1403 4846 vel
1424 4794 1556 4845 externa
1579 4784 1683 4867 specie
1705 4782 1756 4845 hic
1777 4781 1867 4863 quasi

132 4898 313 4982 colophona
346 4902 499 4983 prioribus
529 4902 648 4985 imponi
681 4902 812 4966 eluceat.
873 4900 998 4965 Eodem
1031 4914 1138 4965 autem
1173 4901 1270 4967 modo
1305 4904 1457 4966 lsocrates
1499 4903 1681 4965 antithesim
1715 4899 1863 4962 ultimam

132 5015 270 5081 distinxit
299 5020 329 5081 in
353 5020 522 5102 Euagorae
544 5022 645 5104 capite
673 5038 709 5100 19
732 5021 783 5101 (cl.
803 5043 831 5106 p.
855 5023 912 5102 13).
958 5019 1092 5097 Deinde,
1115 5022 1188 5104 quia
1211 5030 1379 5104 sequentes
1408 5021 1596 5104 paragraphi
1619 5030 1650 5081 et
1678 5028 1868 5101 argumento

287 5273 307 5338 ¹)
326 5274 421 5322 XXlV³
439 5285 480 5323 aut
499 5293 546 5339 ego
565 5292 615 5324 nou
635 5276 755 5339 intellego
773 5285 813 5324 aut
831 5285 974 5340 corruptum
992 5285 1030 5324 est
1048 5270 1190 5343 σωμάτων.
