4506 6120
1235 851 1353 954 Ill.

581 1040 688 1103 Oritur
716 1059 801 1102 nunc
835 1041 989 1122 quaestio,
1023 1042 1212 1123 quibusnam
1242 1063 1281 1103 ex
1312 1041 1439 1105 Graecis
1463 1042 1662 1125 scriptoribus
1684 1041 1765 1103 haec
1794 1059 1843 1101 ars
1872 1038 2030 1102 lamiliaris
2062 1037 2172 1101 fuerit.

431 1156 535 1221 Credo
551 1169 658 1221 autern
674 1160 835 1221 nerninem
853 1158 1075 1222 oblocuturuui
1101 1180 1180 1234 esse,
1197 1161 1220 1221 si
1237 1161 1372 1243 primurn
1390 1162 1420 1223 in
1437 1159 1721 1245 Xenophontis
1745 1160 1864 1242 scriptis
1879 1178 2043 1241 quaeram,
2060 1160 2088 1220 si
2105 1179 2174 1242 qua

429 1278 496 1340 eius
512 1279 585 1340 artis
607 1275 712 1359 detegi
734 1279 853 1360 possint
877 1279 1015 1360 vestigia.
1062 1278 1264 1341 Inveniuntur
1286 1290 1392 1341 autem
1417 1289 1482 1341 tam
1512 1290 1606 1355 certa,
1629 1289 1663 1341 ut
1686 1280 1787 1362 ipsum
1812 1276 2061 1361 Xenophontem
2094 1297 2173 1339 eam

428 1393 522 1459 valde
551 1415 677 1458 amasse
710 1416 774 1458 non
809 1397 846 1458 sit
881 1394 1020 1458 dubium.
1084 1397 1191 1481 Atque
1224 1418 1332 1459 verum
1367 1408 1414 1460 est
1443 1399 1474 1459 in
1506 1397 1734 1460 Hellenicis
1765 1415 1824 1458 nos
1864 1395 2064 1477 quaesituros
2097 1416 2174 1459 esse

428 1514 549 1578 frustra.
596 1511 692 1594 Quod
715 1534 779 1576 non
803 1515 927 1576 mirum.
973 1513 1054 1578 Nam
1077 1526 1111 1576 ut
1135 1516 1165 1576 in
1194 1514 1278 1577 bello
1308 1516 1578 1601 Peloponnesiaco
1600 1513 1817 1599 Thucydides,
1848 1515 1889 1576 ita
1918 1513 2108 1598 Xenophon
2140 1518 2174 1580 in

427 1655 467 1696 eo
484 1654 590 1717 opere,
607 1654 671 1716 quo
695 1630 770 1695 illud
786 1635 989 1710 continuavit,
1014 1655 1126 1718 parcus
1150 1645 1196 1697 est
1219 1632 1258 1697 de
1281 1637 1488 1717 singularibus
1512 1637 1692 1699 hominibus
1715 1631 1819 1696 iudex,
1857 1631 1921 1695 Sed
1951 1643 2039 1696 extat
2062 1634 2175 1698 Ana·

427 1753 552 1840 basis,
576 1770 751 1834 paucorum
775 1771 931 1813 annorum
956 1753 1091 1835 spatium
1120 1763 1150 1814 et
1174 1754 1267 1836 ipsius
1290 1755 1447 1837 scriptoris
1476 1754 1538 1816 lata
1560 1753 1786 1836 complectens,
1819 1753 1848 1814 in
1876 1772 1940 1835 qua
1966 1754 2174 1835 gravioribus

430 1871 551 1934 solutus
574 1869 705 1952 legibus,
729 1871 842 1953 quibus
865 1871 1025 1933 annalium
1050 1873 1215 1956 scriptores
1238 1874 1475 1948 coercebantur,
1500 1873 1624 1935 liberius
1647 1882 1808 1953 evagatur.

581 2007 631 2069 Ex
656 2007 720 2069 hac
751 2009 926 2070 exscribam
958 2029 1005 2082 ea,
1037 2028 1120 2091 quae
1147 2005 1187 2069 de
1220 2007 1384 2071 Menone
1421 2007 1468 2089 (ll,
1484 2008 1513 2082 6,
1533 2024 1571 2087 23
1590 2008 1648 2092 sq.)
1672 2005 1752 2069 dicit.
1813 2007 2020 2070 Praemiserat
2054 2016 2173 2069 autem

428 2127 546 2208 ingenti
569 2125 740 2189 Menonem
764 2127 830 2188 auri
853 2124 1023 2208 cupiditate
1047 2125 1141 2188 luisse
1164 2126 1407 2205 inflammatum,
1430 2149 1526 2212 quam
1550 2137 1584 2190 ut
1607 2126 1749 2210 expleret
1770 2127 1907 2190 honores
1931 2127 2109 2210 quaesiisse
2140 2138 2175 2189 et

428 2247 612 2330 potentiam.
657 2243 781 2308 Deinde
805 2245 916 2327 legitur

785 2362 804 2423 l·
828 2365 885 2430 lm
909 2365 942 2429 δὲ
974 2365 1009 2429 τὸ
1037 2357 1301 2452 κατεργάζεσθαι
1325 2357 1370 2434 οἷν
1392 2369 1576 2450 ἐπιθυμοίη
1600 2365 1850 2453 συντομωτάτην
1872 2360 1951 2455 η’όετο
1974 2363 2052 2432 δδδν
2076 2365 2173 2432 εἶναι

680 2479 736 2548 διά
760 2483 820 2550 τοῦ
842 2484 1009 2567 ἐπιορκεῖν
1029 2512 1065 2550 τε
1086 2497 1142 2550 καὶ
1166 2485 1350 2575 ψεύδεσθαι
1374 2495 1430 2550 καὶ
1446 2485 1632 2561 ἐξαπατᾶν,
1657 2484 1693 2547 τό
1716 2483 1743 2547 δ’
1758 2480 1889 2549 άπλοῦν
1903 2493 1957 2548 καὶ
1978 2482 2014 2547 τό
2040 2480 2174 2568 ἄληθες
2203 2475 2207 2480 ’

679 2603 716 2668 τό
742 2598 822 2670 allel
846 2608 890 2693 τῷ
913 2598 1033 2693 η’λιθίῳ
1057 2604 1153 2685 εἶναι.
1197 2604 1232 2667 ll.
1256 2605 1450 2691 στέργωνδὲ
1474 2601 1611 2689 φανερός
1634 2609 1693 2685 μὲν
1714 2596 1756 2687 ἤν
1778 2600 1905 2682 οὐδένα,
1932 2596 1995 2690 ότηι
2025 2602 2062 2666 δὲ
2087 2616 2174 2687 φαίη

682 2723 774 2804 φίλος
796 2722 892 2795 εἶναι,
915 2722 1018 2812 τούτῳ
1041 2723 1171 2805 ε”νδηλος
1195 2724 1336 2806 ἐγίγνετο
1359 2719 1588 2799 ἐπιβουλεύων.
1625 2718 1672 2782 lll-
1688 2729 1744 2784 καὶ
1768 2722 1927 2802 πολεμίου
1949 2725 2010 2803 μὲν
2032 2718 2173 2800 οὐδενός

680 2842 851 2920 κατεγέλα,
874 2845 941 2907 τοῖν
963 2843 997 2906 δὲ
1021 2839 1183 2910 συνόντων
1206 2842 1342 2908 πάντων
1370 2839 1412 2918 οἷς
1434 2841 1623 2921 καταγελῶν
1646 2836 1698 2904 αἐῑ
1727 2839 1895 2919 διελέγετο,
1942 2837 1993 2900 lV.
2016 2850 2074 2904 καὶ
2101 2858 2173 2918 τοῖς

682 2963 742 3037 μὲν
765 2963 830 3023 τοῖν
853 2962 1014 3040 πολεμίων
1035 2958 1195 3043 κτήμασιν
1224 2959 1282 3027 ουίι
1309 2957 1507 3037 ἐπεβούλευε
1530 2958 1689 3042 (χαλεπόν
1716 2958 1780 3043 γάρ
1802 2951 1882 3046 ηἰἐτο
1910 2957 1996 3023 εἶναι
2024 2956 2066 3021 τὰ
2101 2965 2172 3025 τῶν

683 3081 933 3162 φυλαττομένων
962 3070 1181 3161 λαμβάνειν),
1209 3080 1250 3144 τά
1281 3080 1317 3145 δὲ
1354 3079 1420 3145 τῶν
1449 3081 1549 3163 φίλων
1584 3073 1682 3159 μόνος
1711 3072 1790 3166 η’ἷετο
1824 3076 1946 3142 εἰδέναι
1982 3079 2107 3164 ῥᾷστον
2131 3074 2172 3144 δν

682 3194 858 3281 οἷιγόλακτα
874 3193 1068 3280 λαμβάνειν.
1108 3196 1146 3260 V.
1163 3207 1219 3262 καὶ
1236 3194 1327 3274 όσους
1341 3203 1402 3281 μὲν
1423 3195 1621 3262 αἰσθάνοιτο
1645 3193 1815 3280 ἕπιόρκους
1839 3203 1893 3258 καὶ
1915 3175 2046 3270 α’δίκους
2061 3192 2108 3273 οἷς
2131 3191 2172 3264 εὖ

684 3314 910 3398 οἶπλισμένονς
926 3316 1082 3399 ἐιγοβεῖτο,
1098 3329 1163 3392 τοῖς
1179 3316 1206 3380 δ’
1220 3311 1316 3393 dolore
1330 3324 1385 3379 καὶ
1401 3310 1571 3400 α’λήθειαν
1587 3309 1742 3378 άσκοῦοιν
1757 3307 1798 3388 ὥς
1813 3309 1990 3398 ιῖνάνδροις
2006 3313 2168 3404 ἐπειρᾶτο

683 3435 838 3522 χρῆσθαι.
870 3432 923 3494 Vl.
945 3429 1054 3522 ὥσπερ
1072 3433 1110 3498 δέ
1123 3460 1172 3510 τις
1193 3424 1376 3515 άγάλ.λεται
1396 3433 1451 3498 ε’πῐ
1471 3436 1643 3520 θεοσεβείᾳ
1662 3443 1716 3497 καὶ
1733 3428 1877 3519 άληθείςι
1896 3443 1952 3497 καὶ
1967 3423 2166 3518 δικαιότητι,

682 3549 767 3620 οὕτω
782 3560 905 3618 Μένων
919 3547 1077 3639 η’γάλλετο
1092 3555 1139 3640 τῷ
1153 3551 1330 3627 &tanai-dv
1341 3548 1510 3619 δύνασθαι
1522 3556 1567 3638 τῷ
1580 3547 1777 3616 πλάσασθαι
1792 3553 1898 3638 ψευδῆ
1909 3557 1956 3643 τῷ
1967 3553 2078 3635 φίλους
2096 3554 2168 3620 δια-

682 3674 791 3751 γελᾶν,
815 3667 874 3736 τόν
898 3672 931 3734 δεῗ
954 3670 997 3754 μη
1024 3675 1212 3755 πανοῦργον
1233 3675 1299 3736 τοῖν
1323 3666 1534 3737 α’παιδεότων
1556 3669 1607 3736 αἐῑ
1630 3669 1778 3755 ἐνόμιζεν
1800 3673 1896 3739 εἶναι.
1929 3668 1995 3734 Vll.
2011 3683 2067 3737 καὶ
2084 3679 2166 3760 παρ’

685 3788 732 3866 οἷς
755 3795 817 3872 μὲν
839 3789 998 3873 ἐπεχείρει
1023 3788 1201 3875 πρωτεύειν
1222 3793 1326 3878 (γιλίιγ,
1352 3782 1542 3868 διαβάλλων
1564 3791 1638 3867 τούς
1662 3788 1810 3870 πρώτους
1834 3780 1965 3868 τοότους
1988 3784 2069 3880 ηόετο
2096 3793 2169 3858 δεῖν

683 3908 879 3990 κτήσασθαι,
903 3906 939 3973 τό
964 3908 999 3973 δὲ
1023 3913 1241 3990 πειθομένους
1271 3905 1344 3984 τους
1371 3908 1572 3998 στρατιώτας
1601 3918 1806 3994 παρέχεσθαι
1832 3910 1867 3974 έκ
1895 3915 1953 3977 τοῦ
1980 3910 2168 3977 συναδικεῖν

683 4024 793 4103 αὐτοῖς
820 4027 1016 4109 ἐμηχανᾶτο,
1045 4026 1211 4111 τιμᾶσθαι
1241 4028 1277 4093 δὲ
1312 4036 1366 4092 καὶ
1395 4027 1652 4112 θεραπεύεσθαι
1687 4025 1774 4112 ἠξίου
1808 4027 2083 4112 ἐπιδεικνύμενος,
2114 4023 2167 4094 ότι

683 4149 822 4213 πλεῖστα
846 4144 980 4212 δύναιτο
1002 4156 1057 4211 καὶ
1079 4147 1189 4211 ἐθέλοι
1213 4145 1256 4213 δν
1280 4144 1412 4212 οἷδικεῖν.
1449 4145 1476 4206 V
1480 4145 1526 4207 lll.
1543 4145 1727 4231 εὐεργεσίαν
1751 4147 1785 4211 δὲ
1801 4148 1982 4228 κατέλεγεν,
1999 4136 2103 4213 ὁπότε
2117 4174 2168 4226 τις

684 4261 787 4331 otianti
809 4262 993 4347 αἠίσταιτο,
1018 4260 1068 4329 ότι
1093 4264 1252 4348 χρώμενος
1275 4260 1364 4353 αότηῖ
1387 4261 1445 4331 oria
1467 4261 1637 4332 α’πιόλεσεν
1660 4262 1771 4332 αὐτόν.

580 4400 630 4461 Ex
646 4397 759 4461 eadem
777 4401 833 4463 has
849 4402 1019 4463 sententias
1042 4399 1198 4483 palaestra
1216 4402 1409 4483 provenisse,
1426 4421 1521 4484 quam
1540 4400 1678 4480 Agesilai
1695 4412 1789 4485 caput
1804 4400 1858 4477 Xl,
1874 4422 1971 4464 nemo
1986 4421 2053 4464 uon
2069 4400 2168 4465 videt.

428 4516 491 4581 Sed
514 4519 608 4580 etiam
632 4538 696 4600 quo
713 4515 856 4580 differant
880 4530 974 4602 patet.
1010 4519 1095 4581 l-l'
1098 4519 1121 4580 ll
1138 4520 1221 4580 enirn
1241 4518 1335 4601 plena
1357 4520 1519 4581 enuntiata
1541 4532 1612 4582 sunt
1629 4522 1707 4582 inter
1723 4541 1756 4582 se
1772 4522 1918 4604 opposita
1940 4531 1971 4583 et
1987 4518 2168 4584 secundum

426 4638 558 4701 alteram
582 4635 715 4699 classem
740 4655 834 4719 supra
856 4633 1044 4720 descriptam
1070 4636 1213 4712 formata,
1235 4637 1292 4698 nisi
1315 4635 1402 4720 quod
1424 4640 1503 4700 sexti
1526 4641 1610 4722 prior
1632 4660 1760 4723 quoque
1786 4661 1858 4724 pars
1884 4641 2028 4723 bipertita
2057 4651 2108 4703 est
2138 4653 2171 4704 et

426 4757 525 4819 altera
547 4756 680 4838 septimi.
733 4755 836 4817 Etiam
866 4755 1089 4842 particularum
1116 4755 1204 4817 nulla
1225 4757 1358 4818 varietas
1389 4768 1445 4833 est,
1475 4759 1593 4841 ubique
1614 4767 1695 4840 μὲν.
1715 4808 1720 4819 .
1737 4760 1776 4824 δέ
1803 4756 1999 4822 adhibentur.
2056 4759 2170 4843 ltaque

428 4875 634 4958 aequabilitas
657 4875 812 4936 sermonis
835 4874 885 4937 hic
908 4875 1069 4936 molestior
1085 4884 1131 4937 est
1159 4894 1255 4957 quam
1280 4876 1309 4936 in
1334 4875 1494 4957 AgesilaO,
1518 4874 1603 4960 quod
1621 4876 1752 4940 fortasse
1775 4879 1848 4961 quia
1863 4878 1958 4941 sensit
1981 4875 2172 4961 Xenophon

429 5004 491 5056 tres
514 4993 689 5057 locutiones
713 4995 769 5056 sibi
792 4995 942 5077 opposuit
963 4994 1006 5056 Vl
1029 4991 1177 5077 idemque
1202 4991 1325 5055 videtur
1348 4992 1512 5057 affectasse
1535 4996 1564 5056 in
1588 4997 1689 5078 prima
1711 4998 1874 5059 sententia.

582 5130 632 5192 De
655 5141 800 5213 tempore
823 5140 930 5192 autem
954 5151 995 5191 ex
1017 5130 1079 5193 hoc
1101 5127 1278 5193 discrimine
1300 5128 1374 5191 nihil
1398 5125 1632 5204 concluderem,
1655 5129 1713 5190 nisi
1735 5131 1911 5211 argumenti
1933 5148 2065 5212 quoque
2087 5141 2173 5196 trac·

431 5248 507 5311 tatio
530 5247 672 5331 Agesilai
697 5269 794 5331 quam
814 5247 962 5349 Menapis
986 5269 1153 5311 censuram
1177 5249 1354 5311 maturioris
1377 5249 1450 5310 artis
1477 5267 1546 5309 esse
1568 5257 1722 5330 argueret.
