4506 6120
1264 624 1301 684 lli

407 849 513 893 rursus
538 826 733 892 subdivisum
765 839 822 903 est,
853 829 895 890 ita
917 829 967 890 hic
990 828 1019 889 in
1044 829 1203 890 sententiis
1227 826 1252 888 ll
1275 837 1307 888 et
1330 825 1369 887 lll
1392 826 1492 889 altera
1521 826 1667 888 membra
1688 833 1761 885 sunt
1786 823 1939 906 bipertita.
1997 821 2043 883 Et
2067 831 2104 882 ut
2131 822 2160 882 in

409 950 553 1013 hlenonis
577 947 764 1013 sentential
796 958 826 1009 et
861 947 913 1023 Vl,
937 948 979 1009 ita
1009 948 1059 1010 hic
1081 948 1111 1009 in
1136 946 1174 1008 lll
1205 956 1236 1008 et
1265 944 1310 1009 lV
1343 956 1451 1008 ternae
1476 945 1650 1007 locutiones
1672 942 1922 1024 comprehensae
1954 949 2044 1002 sunt.
2091 937 2161 1000 Dis·

412 1069 552 1153 cipulum
584 1069 660 1151 legis
686 1067 811 1141 scilicet,
835 1086 899 1128 non
923 1063 1119 1148 magistrum.

561 1189 612 1250 Ex
634 1188 747 1270 quibus
770 1187 918 1249 omnibus
948 1186 1178 1249 consectarium
1210 1195 1258 1247 est
1287 1183 1536 1267 Xenophontem
1560 1183 1590 1243 in
1614 1177 1746 1254 iudiciis,
1781 1197 1863 1261 quae
1884 1174 1934 1246 ¹de
1959 1176 2110 1240 Menone
2133 1186 2162 1237 et

410 1306 562 1390 Agesilao
586 1307 714 1388 scripsit,
737 1324 803 1366 non
827 1324 846 1366 a
868 1316 954 1367 certa
976 1304 1081 1388 aliqua
1105 1305 1249 1367 isocratis
1272 1304 1457 1385 scriptione,
1490 1299 1546 1363 sed
1569 1321 1609 1362 ex
1632 1297 1794 1381 disciplina
1816 1294 1959 1381 pendere
1983 1296 2159 1359 Isocratea

1242 1591 1319 1690 V.

564 1797 613 1859 Eo
637 1797 767 1877 perveni
791 1817 855 1879 quo
878 1796 1054 1859 volueram.
1093 1794 1174 1859 Nam
1198 1794 1432 1858 demonstrasse
1454 1795 1529 1856 mihi
1547 1789 1655 1854 videor
1670 1789 1811 1872 Agesilai
1827 1800 1921 1873 caput
1945 1786 2164 1852 undecimum

408 1935 514 1998 neque
537 1912 741 1998 dispositione
765 1934 871 1978 carere
895 1924 926 1975 et
949 1916 1015 1976 sine
1038 1912 1134 1977 dubio
1158 1914 1369 1994 conscriptum
1394 1932 1463 1974 esse
1486 1931 1505 1973 a
1528 1909 1752 1991 Xenophonte.

565 2031 627 2096 Sed
660 2034 724 2096 scio
765 2043 875 2096 contra
904 2035 970 2095 eius
999 2034 1152 2115 originem
1187 2031 1458 2115 Xenophonteam
1482 2031 1577 2092 etiam
1607 2030 1667 2091 hac
1689 2027 1967 2111 argumentatione
2005 2028 2164 2109 pugnari:

410 2161 513 2214 totum
538 2153 624 2214 aiunt
652 2162 831 2213 extremum
856 2160 950 2234 caput
973 2169 1244 2232 supervacaneum
1268 2170 1347 2224 esse,
1371 2151 1446 2232 quia
1467 2146 1539 2210 inde
1567 2168 1585 2209 a
1616 2147 1717 2228 capite
1740 2146 1830 2208 tertio
1855 2143 1895 2206 de
1915 2142 2048 2207 eisdem
2073 2148 2166 2208 rebus

412 2267 616 2350 disputaverit
646 2271 793 2350 scriptor,
827 2290 909 2352 quae
940 2267 1110 2331 undecimo
1134 2269 1354 2331 molestissime
1378 2270 1536 2330 iterentur.
1582 2267 1709 2347 Quare
1733 2261 1808 2348 quid
1831 2263 1936 2326 valeat
1960 2264 2051 2327 haec
2075 2285 2166 2348 argu·

412 2389 565 2450 mentatio
588 2391 724 2450 breviter
747 2389 977 2450 examinemus.

563 2505 671 2589 Atque
695 2527 806 2568 verum
831 2519 878 2568 est
900 2505 1150 2589 Xenophontem
1174 2517 1343 2590 postquam
1369 2504 1552 2567 manifestas
1575 2523 1623 2565 res
1646 2505 1686 2564 ab
1704 2501 1854 2584 Agesilao
1871 2512 1980 2584 gestas
1997 2510 2044 2576 tc.
2066 2501 2166 2582 l-ll)

409 2626 556 2700 narr'avit,
579 2626 709 2687 transire
725 2622 766 2687 ad
782 2626 848 2686 eius
872 2626 1001 2687 virtutes
1026 2600 1198 2688 laudandas
1215 2643 1240 2686 c.
1260 2623 1317 2685 lll:
1342 2635 1396 2687 καὶ
1420 2629 1526 2689 ταῦτα
1549 2630 1609 2706 μὲν
1642 2621 1678 2707 δή
1702 2625 1826 2704 εἴρηται
1855 2616 1917 2686 ὅσα
1940 2625 2010 2686 τῶν
2036 2621 2167 2687 ἐκείνου

408 2743 535 2827 ἔργων
556 2745 638 2825 μετὰ
662 2745 820 2809 πλείστων
841 2741 1012 2831 μαριύρων
1035 2742 1192 2826 ἐπράχθη
1216 2790 1223 2804 .
1249 2791 1255 2804 .
1280 2742 1339 2808 νῦν
1362 2741 1395 2806 di
1419 2741 1479 2825 τήν
1505 2741 1541 2806 ἐν
1563 2741 1602 2836 τῇ
1628 2746 1720 2836 ψυχῇ
1743 2739 1846 2807 αὐτοῦ
1868 2737 2022 2826 α’ρετήν
2050 2741 2167 2825 πειρά-

409 2884 504 2942 σομαι
528 2861 656 2948 δηλοῦν.
702 2862 843 2924 Primum
877 2873 985 2923 autem
1020 2858 1060 2922 de
1093 2859 1155 2923 fide
1185 2861 1326 2940 Agesilai
1349 2871 1444 2943 atque
1476 2861 1591 2941 pietate
1614 2861 1676 2941 agit
1699 2861 1800 2940 capite
1823 2861 1965 2934 terti0‚
2004 2873 2165 2942 quarto

409 2999 483 3040 eum
508 3000 527 3041 a
550 2979 625 3042 lucri
648 2978 827 3060 cupiditate,
862 2980 1005 3061 quinto
1039 2981 1079 3041 ab
1115 2980 1202 3040 omni
1231 2976 1357 3040 libidine
1391 2978 1529 3040 alienum
1568 2976 1661 3039 luisse
1691 2979 1829 3058 exponit.
1887 2977 1937 3039 De
1972 2977 2165 3042 fortitudine

410 3097 551 3179 Agesilai
574 3109 605 3159 et
628 3096 795 3179 prudentia
818 3100 921 3178 capite
945 3108 1065 3160 sexto
1089 3095 1235 3178 disputat,
1270 3098 1444 3178 septimo
1467 3094 1663 3158 demonstrat
1685 3116 1749 3158 non
1773 3096 1876 3158 solum
1900 3095 2163 3162 Lacedaemona

408 3237 483 3278 eum
507 3237 632 3278 amasse
656 3214 712 3278 sed
735 3227 834 3279 totam
859 3217 1040 3292 Graeciam,
1071 3215 1175 3279 odisse
1205 3227 1311 3279 autern
1344 3216 1463 3278 Persas
1510 3216 1701 3277 Comitatem
1732 3215 1813 3295 regis
1836 3216 2031 3296 gravitatem
2059 3220 2161 3280 victus

408 3331 597 3396 modestiam
621 3344 799 3397 octavum
824 3333 931 3397 laudat
953 3346 984 3397 et
1007 3356 1164 3398 nonum.
1202 3335 1310 3418 Atque
1333 3336 1375 3396 ita
1397 3328 1513 3397 claudit
1535 3335 1617 3396 hanc
1639 3344 1760 3414 partem
1784 3331 1995 3411 decimum,
2019 3347 2059 3398 ut
2075 3337 2160 3418 Age·

411 3453 520 3515 silaum
544 3464 684 3535 exponat
708 3463 793 3515 recte
816 3451 943 3515 vivendi
965 3454 1149 3535 exemplum
1166 3455 1370 3535 proposuisse
1393 3453 1590 3515 hominibus:
1615 3472 1678 3535 qua
1700 3472 1734 3513 re
1756 3472 1822 3514 non
1845 3449 1960 3515 decere
1985 3451 2027 3516 de
2054 3468 2158 3518 morte

411 3572 477 3632 eius
500 3574 587 3653 queri
611 3569 667 3633 sed
690 3569 819 3634 laudare
843 3573 946 3653 potius
969 3592 1034 3634 non
1057 3574 1249 3634 interituram
1273 3572 1389 3653 egregii
1413 3572 1468 3633 viri
1485 3572 1684 3633 memoriam.

561 3690 653 3768 Quae
677 3709 748 3750 curn
773 3691 815 3752 ita
838 3692 906 3765 sint,
930 3693 1119 3754 caecutirem
1143 3689 1302 3774 equidem,
1329 3692 1352 3752 si
1376 3691 1477 3773 capite
1500 3688 1546 3751 Xl
1569 3689 1681 3752 similia
1703 3691 1826 3752 tractari
1850 3710 2018 3771 negarem.

561 3805 641 3869 Nam
666 3809 767 3890 prima
796 3810 862 3870 eius
892 3829 963 3892 pars
987 3810 1112 3891 (l—Vl)
1146 3807 1315 3893 respondet
1351 3811 1443 3892 capiti
1477 3811 1567 3871 tertio
1601 3826 1632 3871 et
1666 3810 1690 3871 si
1723 3809 1884 3891 exceperis
1918 3828 2022 3871 unum
2061 3822 2155 3895 caput

410 3926 590 4009 septimum,
615 3946 727 3987 omnes
751 3929 890 4002 virtutes,
913 3949 996 4010 quae
1019 3948 1064 3992 cc.
1089 3928 1221 3990 lll—lX
1244 3926 1421 4004 laudantur,
1445 3938 1615 4010 tanguntur
1637 3930 1732 3990 etiam
1757 3930 1787 3989 in
1810 3925 1993 3991 undecimo

561 4045 605 4107 At
627 4046 764 4128 primum
788 4065 852 4107 non
877 4066 951 4109 casu
975 4047 1092 4110 lactum
1116 4058 1172 4122 est,
1196 4045 1283 4130 quod
1299 4068 1398 4109 unum
1422 4058 1645 4129 argumentum
1662 4048 1786 4130 septimi
1801 4048 1908 4130 capitis
1925 4049 1956 4109 in
1973 4047 2148 4113 undecimo

409 4175 456 4226 est
479 4165 670 4247 neglectum.
719 4163 749 4226 ln
775 4163 827 4226 illo
851 4166 946 4240 enim,
969 4186 1033 4248 quo
1057 4168 1164 4229 animo
1187 4165 1280 4229 luerit
1304 4166 1473 4247 Agesilaus
1496 4187 1571 4247 erga
1585 4163 1860 4229 Lacedaemonios
1876 4166 2018 4230 Graecos
2033 4168 2147 4231 Persas

406 4295 598 4345 narraverat.
646 4283 745 4344 Huius
762 4294 869 4344 autem
902 4285 945 4345 rei
969 4285 999 4345 in
1029 4281 1199 4346 undecimo
1223 4285 1323 4366 capite
1353 4304 1418 4345 non
1441 4285 1540 4367 potuit
1565 4285 1760 4345 mentionem
1785 4282 1887 4346 lacere
1903 4286 2049 4366 scriptor,
2075 4288 2149 4370 quia

407 4401 513 4482 legem
536 4402 586 4463 hic
609 4403 665 4463 sibi
689 4413 848 4484 posuerat,
872 4415 906 4464 ut
929 4401 968 4464 de
991 4404 1119 4466 historia
1141 4423 1267 4485 prorsus
1291 4413 1416 4465 taceret.

560 4520 610 4581 De
627 4520 751 4601 reliquis
769 4532 875 4582 autem
893 4521 1033 4603 Agesilai
1049 4523 1222 4597 virtutibus,
1236 4543 1318 4604 quae
1335 4532 1507 4584 tractantur
1522 4542 1566 4585 cc.
1581 4521 1718 4594 lll—Vl,
1731 4522 1803 4585 Vlll
1821 4520 1873 4597 lX,
1891 4531 2017 4605 poterat
2032 4520 2149 4608 duplici

408 4640 529 4701 ratione
552 4657 656 4720 agere.
702 4638 830 4700 Poterat
853 4641 936 4700 enim
960 4652 1014 4702 aut
1037 4640 1133 4703 fusius
1156 4638 1195 4702 de
1219 4642 1263 4703 eis
1286 4638 1438 4733 disserere
1455 4662 1572 4724 easque
1588 4642 1692 4704 relatis
1709 4642 1835 4724 singulis
1852 4641 1939 4704 lactis
1955 4642 2149 4706 confirmare

408 4766 463 4819 aut
486 4758 552 4819 sine
575 4756 639 4818 nlla
662 4777 767 4819 rerum
792 4768 951 4837 gestarum
975 4760 1281 4821 commemoratione
1305 4737 1480 4822 exintima
1494 4761 1630 4823 hominis
1645 4772 1757 4823 natura
1773 4761 1909 4823 breviter
1925 4758 2070 4823 definire.

559 4875 667 4959 Atque
691 4872 767 4937 illud
792 4875 955 4938 consilium
980 4887 1027 4939 est
1050 4875 1174 4939 mediae
1197 4876 1363 4960 (lll-lX),
1387 4865 1457 4941 hoc
1471 4889 1634 4970 extremae
1657 4879 1730 4958 (Xl)
1754 4881 1858 4963 partis.

558 4993 639 5058 Nam
663 4995 687 5057 si
711 4994 796 5056 illam
821 4996 984 5057 examines
1007 4997 1125 5079 ubique
1139 4997 1280 5058 invenies
1298 4997 1453 5079 exemplis
1471 4999 1515 5059 uti
1531 4999 1714 5081 scriptorem
1731 5020 1749 5060 e
1765 5000 1829 5060 vita
1844 4995 1954 5060 ductis.
1990 4997 2148 5064 Conleras

405 5116 500 5185 enim,
524 5112 611 5198 quod
633 5134 660 5177 c.
684 5112 724 5174 lll
749 5111 788 5174 de
811 5111 966 5196 Spiridate
990 5114 1090 5196 Cotye
1114 5114 1329 5189 Pharnabazo,
1362 5127 1396 5177 ut
1426 5113 1506 5178 lides
1530 5116 1668 5199 Agesilai
1692 5120 1851 5199 probetur,
1875 5118 1942 5180 sive
1958 5138 2043 5201 quae
2060 5140 2089 5185 c.
2106 5119 2149 5185 IV

406 5229 446 5294 de
469 5230 573 5316 Agide
596 5243 627 5294 et
648 5234 839 5309 Tithrauste,
863 5244 896 5296 ut
919 5234 1099 5296 innocentia
1121 5234 1187 5295 eius
1210 5233 1371 5310 clarescat,
1397 5247 1571 5298 narrantur.
1607 5236 1657 5298 De
1680 5237 1867 5299 abstinentia
1882 5238 1949 5299 eius
1965 5237 2153 5322 relegamur
